4192 6436
741 404 868 471 ill?

1909 407 1966 466 S.
2005 399 2288 466 ΜΑΧΙΜΙ
2323 404 2824 465 CONFESSORIS

3846 413 3980 475 11-58

741 526 865 572 nata
928 518 1234 585 voluntate,
1295 521 1391 576 sed
1431 537 1560 576 casu
1592 521 1778 591 aliquo
1836 537 1900 576 ac
1956 521 2345 585 necessitate,.

2433 538 2517 572 των
2550 521 2937 590 χειραγωγίας,
2969 519 3204 588 ἀφέντας
3237 520 3328 574 τὸν
3359 520 3689 592 ὑψηλότερον
3717 525 3817 592 τῆς
3837 523 3983 590 γνὼρ

741 623 932 663 eorum
955 611 1145 665 salutis
1171 625 1334 666 causa
1361 612 1456 681 qui
1481 613 1620 667 duce
1645 620 1843 682 egeant
1866 628 1929 666 ac
1953 619 2308 681 praeceptore,

743 700 1053 756 sublimiori
1091 701 1335 756 scientiae
1367 718 1618 759 sermone
1653 705 1919 774 tantisper
1944 704 2167 767 omisso,
2191 719 2314 773 quae

744 790 813 844 de
845 790 992 845 vitiis
1017 800 1100 846 est
1137 802 1193 847 et
1229 793 1541 860 aﬂ‘ectibus,
1573 806 1950 866 exsequuntur
1985 795 2309 850 doctrinam.

2414 629 2548 674 σεως
2599 613 2774 679 λόγον,
2819 611 2914 664 καὶ
2944 612 3042 682 τὴν
3076 613 3202 682 περὶ
3225 612 3412 665 παθῶν
3447 613 3878 683 μετερχομένους
3899 614 3984 667 δι-

2411 701 2704 756 δασκαλίαν
2734 715 2749 731 ’
2803 701 2926 754 καθ’
2971 703 3038 773 ἦν
3093 705 3188 755 καὶ
3236 704 3265 755 6
3321 703 3494 772 μέγας
3551 703 3871 766 Ἀπόστολος
3923 707 3984 756 ἐν

2415 795 2576 863 σαρκὶ
2601 793 3032 864 λυσιτελέστερον
3084 793 3299 862 εκρινεν
3347 789 3486 845 εἶναι
3519 808 3533 824 ο
3597 795 3862 855 τουτέστι,
3910 795 3982 860 τῇ

745 878 992 950 llincque
1027 882 1167 936 adeo
1205 894 1291 939 est
1323 899 1422 941 cur
1445 848 2092 956 Apostolus
2124 848 2315 942 utilius

2433 848 2573 954 102x171
2603 848 3054 954 6t6aoxaliq,.6t&
3093 848 3219 946 eoin;
3251 882 3499 953 μαθητάς
3527 899 3540 914 ·
3572 882 3690 934 ὅλον
3725 848 3864 951 ἔχω-ί
3889 848 3985 933 τδζ

745 969 1074 1038 iudicaverit
1101 988 1224 1027 esse
1261 975 1315 1028 in
1342 989 1505 1029 carne
1535 976 1835 1045 (immorari
1863 977 2074 1031 scilicet
2099 991 2315 1031 morum

746 1059 1013 1116 doctrinae
1051 1063 1107 1116 in
1137 1063 1531 1133 discipulorum
1557 1065 1814 1136 gratiam)
1847 1081 1971 1120 cum
2010 1074 2127 1121 toto
2167 1067 2315 1122 desi-

747 1150 907 1205 derio
959 1161 1173 1222 optaret
1209 1170 1278 1208 ea
1307 1155 1536 1222 exsolvi,
1581 1171 1645 1210 ac
1686 1173 1784 1226 per
1821 1157 2316 1227 supermundanam

748 1239 1163 1312 simplicemque
1187 1246 1388 1300 mentis
1423 1248 1960 1317 contemplationem,
2001 1263 2126 1304 cum
2154 1248 2317 1304 Chri-

748 1337 833 1381 sto
871 1333 1079 1386 versari
1118 1333 1162 1387 '.

819 1421 907 1476 50.
949 1422 1420 1490 Quemadmodum
1483 1426 1726 1492 Saulem,
1799 1441 2032 1500 angente
2083 1432 2321 1504 maligno

755 1513 974 1580 Spiritu,
1003 1516 1198 1571 beatus
1237 1519 1406 1573 David
1440 1520 1664 1588 pulsans
1711 1520 1999 1586 citharam,
2048 1523 2319 1591 psallens-

754 1615 862 1667 que
927 1601 1145 1658 levabat
1185 1605 1240 1668 ‘;
1289 1605 1369 1660 sic
1405 1613 1462 1660 et
1498 1607 1676 1661 omnis
1707 1608 1965 1676 spiritalis
1995 1624 2196 1673 sermo,
2237 1627 2322 1666 sa-

731 1687 1036 1756 pientibus
1083 1690 1370 1761 doctisque
1408 1693 1585 1748 sensis
1619 1709 1684 1748 ac
1732 1695 2089 1750 theorematis
2132 1696 2323 1750 condi-

754 1783 864 1839 tus,
897 1779 1052 1845 quasi
1083 1779 1275 1832 morbo
1297 1779 1510 1834 sontico
1533 1781 1870 1836 laborantem
1899 1782 2044 1837 levat
2075 1783 2319 1838 animum

750 1871 915 1931 atque
968 1875 1212 1932 recreat,
1238 1867 1308 1922 ab
1345 1877 1578 1940 augente
1610 1885 1736 1925 eum
1794 1871 1936 1926 mala
1985 1874 2321 1930 conscientia
2353 1853 2392 1907 Β

754 1953 1020 2011 liberans.

825 2047 912 2101 51.
951 2047 1147 2104 Colore
1183 2051 1338 2107 rufus
1358 2067 1483 2107 cum
1511 2053 1796 2108 oculorum
1834 2063 2138 2119 venustate,
2175 2055 2322 2110 haud

754 2151 913 2192 secus
944 2153 1010 2192 ac
1030 2154 1260 2209 magnus
1285 2142 1476 2208 David,
1507 2144 1724 2198 exsistit
1743 2145 1786 2209 ⁷,
1818 2145 1914 2213 qui
1950 2160 2073 2200 cum
2102 2147 2229 2202 vitae
2256 2163 2324 2201 ex

752 2221 954 2282 d2vinis
985 2229 1295 2286 rationibus
1326 2231 1592 2288 instituta:
1631 2233 1903 2298 claritate,
1937 2235 2180 2290 scientia:
2205 2251 2324 2290 ser-

754 2332 972 2370 monem
1008 2333 1117 2372 una
1156 2320 1487 2398 allucentem
1528 2322 1805 2391 adjungit;
1857 2323 2058 2391 quibus
2093 2324 2326 2393 geminis

753 2408 899 2462 actio
956 2410 1211 2465 consistit
1247 2421 1302 2466 et
1339 2413 1767 2481 contemplatio:
1810 2412 1902 2467 illa
1931 2413 2174 2482 quidem,
2215 2415 2327 2468 vir-

756 2507 936 2555 tutum
974 2503 1232 2570 przeclare
1281 2503 1462 2558 modis
1500 2505 1722 2572 nitens;
1753 2505 1870 2561 haec
1916 2521 2068 2570 vero,
2122 2506 2330 2564 divinis

753 2591 934 2645 scnsis
966 2606 1030 2646 ac
1063 2594 1424 2663 conceptibus
1455 2596 1862 2666 splendescens.

826 2683 917 2740 5‘2.
949 2683 1127 2739 Saulis
1169 2701 1415 2756 regnum,
1461 2689 1760 2758 corporalis
1813 2689 1948 2759 legis
1980 2689 2162 2744 cultus
2186 2705 2327 2759 pra:-

756 2771 864 2825 fert
902 2771 1223 2840 imaginem;
1257 2788 1419 2841 quem
1459 2775 1725 2832 Dominus
1762 2776 2062 2846 abrogavit,
2088 2792 2156 2830 eo
2181 2777 2327 2846 quod

757 2861 895 2914 nulli
947 2872 1235 2929 praestaret
1285 2862 1447 2934 497
1493 2865 1918 2920 absolutionem.
1964 2866 2109 2920 Nihil
2156 2868 2325 2933 extim,

755 2949 956 3020 inquit,
992 2953 1061 3007 ad
1089 2955 1373 3024 perfectum
1391 2957 1610 3010 adduxit
1635 2957 1718 3010 lea:
1733 2959 1776 3012 ⁸.
1809 2959 1983 3029 Magni
2013 2969 2194 3014 autem
2230 2961 2331 3014 Da-

761 3044 899 3100 vidis
941 3061 1188 3115 regnum,
1229 3045 1400 3119 ﬁgura
1431 3057 1517 3103 est
1547 3049 1728 3104 cultus
1762 3051 2097 3120 evangelici;
2126 3051 2330 3121 quippe

2414 971 2577 1024 πόθον
2637 970 2901 1025 ἀναλῦσαι
2952 971 3051 1041 τῆς
3101 969 3300 1041 ἠθικῆς
3344 971 3710 1034 διδασκαλίας,
3760 972 3857 1024 καὶ
3886 972 3986 1023 σὺν

2414 1061 2633 1132 Χριστῷ
2661 1062 2934 1132 γενέσθαι,
2981 1061 3074 1115 διὰ
3115 1062 3215 1133 τῆς
3258 1061 3402 1116 κατὰ
3436 1061 3561 1117 νοῦν
3605 1062 3984 1132 ὑπερκοσμίου

2415 1155 2511 1208 καὶ
2541 1154 2717 1226 ἁπλῆς
2749 1155 2998 1226 Θεωρίας.

2487 1425 2548 1472 ν.
2590 1418 2804 1486 Ὠσπερ
2853 1415 3175 1486 πνιγόμενον
3219 1413 3298 1482 τῷ
3343 1412 3564 1484 πονηρῷ
3592 1414 3866 1481 πνεύματι
3895 1409 3992 1466 τὸν

2417 1509 2603 1572 Σαοὺλ,
2630 1506 2847 1576 ψάλλων
2881 1507 3020 1578 μετὰ
3052 1506 3151 1575 τῆς
3200 1504 3460 1574 κιννύρας
3501 1504 3775 1556 ἀνέπαυεν
3812 1505 3844 1554 6
3885 1519 3992 1570 μα·

2419 1602 2609 1671 κάριος
2652 1599 2814 1652 Δασίδ
2845 1615 2862 1634 ο
2909 1598 3053 1656 οὕτω
3100 1597 3192 1651 καὶ
3246 1598 3354 1658 πᾶς
3398 1596 3556 1661 λόγος
3601 1595 3990 1664 πνευματικὸς,

2418 1695 2738 1758 γνωστικοῖς
2779 1691 3104 1762 ἠδυνόμενος
3153 1688 3525 1758 θεωρήμασιν,
3579 1684 3848 1740 ἀναπαύει
3899 1683 3992 1736 τὸν

2421 1781 2917 1852 ἑπιληπτευόμενον
2936 1779 3085 1846 νοῦν,
3131 1782 3230 1849 τῆς
3268 1777 3567 1848 πνιγούσης
3610 1775 3775 1830 αὑτὸν
3823 1791 3995 1844 πονη-

2427 1873 2526 1944 ρᾶς
2557 1870 2856 1942 ἐλευθερῶν
2881 1871 3261 1940 συνειδήσεως.

2495 2053 2596 2102 ναθ.
2628 2046 2925 2119 Πυρῤἁκης
2956 2045 3096 2114 μετὰ
3118 2044 3349 2106 κάλλους
3372 2041 3676 2112 ὀφθαλμῶν
3704 2041 3822 2093 ἔστι
3853 2038 3995 2092 κατά

2423 2141 2514 2194 τὸν
2549 2141 2719 2210 μέγαν
2747 2137 2912 2192 Δσσὶδ
2936 2137 3070 2206 (ll),
3102 2138 3132 2190 6
3179 2136 3256 2206 τῷ
3300 2134 3512 2206 φαιδρῷ
3543 2132 3636 2186 τοῦ
3680 2132 3816 2184 κατά
3862 2131 3998 2184 Θεὸν

2429 2235 2567 2303 βίου,
2598 2232 2690 2285 τὸν
2721 2232 2823 2300 τῆς
2855 2228 3105 2298 γνώσεως
3133 2228 3288 2293 λόγον
3309 2226 3447 2295 ἔχων
3490 2225 3994 2292 συνεπιλάμποντα·

2427 2324 2547 2379 καθ’
2575 2322 2669 2386 οὓς
2694 2323 2728 2390 ή
2763 2321 2959 2393 πρᾶξίς
2987 2338 3046 2372 τε
3083 2320 3177 2372 καὶ
3227 2319 3261 2388 ἡ
3313 2317 3516 2388 θεωρία
3560 2316 3956 2384 συνεστήκασιν
3979 2330 3996 2344 ·

2426 2418 2459 2486 ἠ
2496 2416 2614 2486 μὲν,
2646 2413 2853 2484 ἀρετῶν
2877 2409 3306 2482 λαμπρυνομένη
3336 2411 3560 2481 τρόποις
3583 2425 3598 2439 ·
3630 2410 3663 2476 ὴ
3706 2406 3786 2468 δὲ,
3830 2405 3999 2468 θείοις

2427 2507 2768 2577 φωτιζομένη
2793 2505 3078 2576 νοήμασιν.

2497 2691 2596 2761 νβ’.
2641 2691 2707 2743 Ἦ
2745 2691 2842 2760 μὲν
2875 2687 2968 2743 τοῦ
3000 2669 3172 2742 Σαοὺλ
3206 2687 3472 2758 βασιλεία,
3523 2690 3622 2759 τῆς
3678 2680 4004 2758 σωματικῆς

2428 2781 2522 2835 τοῦ
2547 2783 2713 2850 νόμου
2742 2779 2992 2848 λατρείας
3037 2779 3183 2832 ἐστὶν
3221 2778 3384 2831 εἰκών
3417 2795 3430 2808 ·
3468 2779 3536 2848 ἢν
3556 2781 3583 2831 6
3634 2779 3837 2847 Κύριος
3870 2794 4007 2832 κατ-

2429 2874 2693 2943 ήργησεν,
2745 2870 2820 2932 ὡς
2852 2870 3018 2940 μηδὲν
3055 2868 3444 2922 τελειώσασαν.
3476 2870 3668 2923 Οὐδὲν
3705 2870 3838 2940 γὰρ,
3891 2889 4004 2940 (ειη⁹

2431 2967 2536 3027 σὶν,
2571 2962 2918 3016 ἐτελείωσεν
2945 2963 2978 3013 ό
2999 2960 3200 3028 νόμος.
3241 2961 3306 3013 Ἦ
3329 2961 3386 3014 δὲ
3415 2959 3511 3014 τοῦ
3550 2961 3785 3030 μέγαλου
3836 2961 4008 3013 Δαϐὶδ

2435 3054 2695 3126 βασιλεία,
2723 3055 2821 3123 τῆς
2853 3052 3212 3122 εὐαγγελικῆς
3241 3054 3356 3104 ἐστι
3406 3052 3660 3122 λατρείας
3709 3052 4009 3122 προδιατύο

757 3133 852 3202 qui
875 3150 1066 3188 omnes
1103 3135 1159 3188 in
1192 3137 1355 3190 corde
1380 3136 1476 3191 Dei
1504 3137 1835 3194 exsistentes
1861 3140 2172 3196 voluntates
2201 3156 2329 3210 per-

2433 3162 2602 3207 πωσις
2628 3160 2644 3176 ο
2675 3143 2854 3196 πάντα
2880 3143 2989 3212 γὰρ
3008 3143 3076 3194 τὰ
3106 3144 3164 3195 ὲν
3193 3142 3388 3213 καρδίᾳ
3416 3143 3510 3195 τοῦ
3545 3142 3681 3196 θεοῦ
3716 3143 4010 3213 θελήματα

759 3224 901 3279 fecte
934 3227 1330 3294 complectatur
1346 3228 1386 3280 ’.

829 3315 917 3368 53.
957 3315 1108 3381 Saul,
1131 3326 1340 3372 natura:
1363 3318 1449 3373 lex
1481 3328 1584 3384 est,
1609 3321 1754 3375 cuia
1789 3321 2061 3391 principio
2118 3330 2329 3377 natura:

761 3403 1051 3472 imperium
1083 3419 1112 3457 a
1144 3403 1257 3459 Deo
1280 3406 1654 3460 concreditum
1683 3415 1788 3462 est.
1820 3409 1869 3462 ls
1907 3423 2073 3477 porro
2118 3425 2214 3478 per
2247 3409 2333 3462 in-

761 3492 1131 3550 obedientiam
1160 3495 1406 3550 divinum
1443 3503 1818 3568 transgressus
1841 3500 2180 3565 mandatum,
2208 3516 2332 3569 par-

761 3587 935 3643 cendo
960 3588 1104 3658 Agag
1133 3588 1244 3658 regi
1278 3587 1499 3644 Amalec
1527 3589 1655 3660 (hoc
1676 3599 1778 3654 est,
1810 3590 2078 3660 corporis)
2119 3591 2331 3660 lapsus-

761 3693 868 3747 que
899 3677 954 3730 in
977 3677 1110 3731 vitia
1145 3693 1209 3732 ac
1241 3678 1524 3744 libidines,
1556 3695 1730 3750 regno
1757 3682 1968 3751 eiectus
1996 3690 2080 3736 est
2109 3685 2153 3714 ¹⁰
2178 3699 2192 3746 ;
2221 3697 2333 3751 quo

763 3771 975 3826 scilicet
1046 3770 1216 3824 David
1279 3771 1536 3826 lsraelem
1601 3774 1898 3842 regendum
1972 3774 2327 3843 susciperet:

763 3877 960 3931 nempe
1013 3861 1100 3914 lex
1175 3861 1424 3930 spiritus,
1478 3863 1594 3932 ipsa
1665 3863 1823 3918 Pacis
1873 3865 1890 3884 '
1950 3879 2148 3935 parcns
2212 3879 2333 3932 quae

763 3951 1242 4022 contemplationis
1264 3952 1526 4022 templum
1563 3952 1678 4008 Deo
1731 3953 2016 4024 magniﬁce
2067 3961 2330 4007 exstruat.

834 4130 922 4184 54.
944 4129 1186 4195 Samuel,
1219 4128 1264 4183 si
1298 4144 1499 4184 nomen
1530 4128 1934 4198 interpreteris,
1962 4128 2056 4183 Dei
2092 4127 2336 4181 obedien-

766 4223 840 4275 tia
869 4220 1088 4275 dicitur.
1134 4219 1389 4286 Quandiu
1437 4236 1568 4289 ergo
1589 4235 1688 4290 per
1735 4219 2106 4274 obedientiam
2147 4218 2334 4273 Sermo

765 4311 820 4364 in
843 4309 1002 4364 nobis
1053 4309 1361 4364 sacerdotio
1395 4309 1660 4380 fungitur,
1721 4310 1937 4364 tametsi
1985 4309 2115 4364 Saul
2155 4307 2336 4378 Agago

766 4409 954 4471 parcat
986 4400 1230 4470 (terreno
1260 4401 1472 4456 scilicet
1510 4401 1718 4472 sensui)
1769 4402 1886 4455 zelo
1929 4410 2110 4455 tamen
2145 4415 2338 4454 accen-

2435 3235 2650 3298 τελείως
2679 3234 2944 3305 περιέχει.

2509 3322 2606 3391 νγ’.
2651 3323 2710 3375 '0
2742 3321 2931 3382 Σαοὺλ,
2960 3323 2988 3375 6
3018 3322 3244 3388 φυσικός
3273 3322 3388 3374 ἑστι
3421 3320 3585 3389 νόμος
3612 3337 3627 3350 ·
3673 3321 3702 3372 6
3737 3321 3859 3372 κατ’
3902 3322 4014 3390 ἀρ-

2435 3414 2536 3484 χὰς
2574 3413 2850 3484 κυριεύειν
2883 3412 2982 3481 τῆς
3013 3411 3230 3480 φύσεως
3258 3413 3408 3483 παρὰ
3439 3411 3532 3464 τοῦ
3567 3412 3773 3481 Κυρίου
3800 3413 4013 3482 λαχὼν.

2442 3505 2537 3567 Ὃς
2576 3503 2760 3572 ἐπειδὴ
2792 3503 3006 3574 παρέϐη
3041 3504 3139 3572 τὴν
3171 3503 3390 3572 ἐντολὴν
3425 3503 3511 3556 διὰ
3543 3503 3852 3575 παρακοῆς,
3894 3523 4018 3570 φει-

2438 3592 2669 3661 σάμενος
2714 3591 2808 3646 τοῦ
2864 3590 3033 3658 ’Λγὰγ
3091 3589 3354 3659 βασιλέως
3414 3588 3658 3659 Ἀμάληκ
3690 3605 3704 3620 ·
3761 3589 4018 3641 τουτέστι

2435 3682 2529 3736 τοῦ
2555 3681 2810 3751 σώματος
2841 3697 2853 3710 ·
2885 3683 2979 3735 καὶ
3007 3682 3144 3752 πρὸς
3175 3681 3245 3734 τὰ
3278 3679 3425 3751 πάθη
3460 3679 3794 3734 κατώλισθεν
3826 3696 3841 3708 ·
3881 3680 4016 3743 ἐξω-

2438 3773 2610 3827 θεῖται
2659 3773 2760 3842 τῆς
2807 3771 3103 3842 βασιλείας,
3155 3773 3242 3826 ἵνα
3275 3771 3564 3842 παραλάϐῃ
3603 3771 3694 3824 τὸν
3737 3771 3960 3840 Ἰσραὴλ
3989 3770 4021 3821 6

2438 3865 2602 3919 Aa6l6
2627 3880 2641 3894 °
2674 3864 2951 3917 τουτέστιν
2987 3865 3016 3916 6
3047 3863 3208 3932 νόμος
3237 3862 3332 3916 τοῦ
3364 3862 3696 3932 πνεύματος,
3735 3860 3764 3912 6
3805 3859 4021 3925 γεννῶν

2436 3956 2539 4025 τὴν
2566 3955 2793 4026 είρήνην
2830 3953 2928 4024 τὴν
2973 3953 3362 4024 οἰκοδομοῦσαν
3411 3951 3723 4023 περιφανῶς
3766 3950 3848 4020 τῷ
3897 3948 4022 4018 Θεῷ

2437 4046 2529 4100 τὸν
2548 4045 2646 4116 τῆς
2675 4044 2905 4115 θεωρίας
2923 4045 3069 4098 ναόν.

2516 4132 2608 4187 νδ⁹.
2642 4132 2894 4204 Σαμουὴλ
2917 4130 3159 4199 ὑπακοὴ
3200 4130 3348 4186 Θεοῦ
3381 4128 3766 4200 ἑρμηνεύεται.
3799 4125 4022 4178 Οὐκοῦν

2441 4226 2544 4288 ἕως
2589 4225 2655 4278 ἂν
2695 4224 2816 4278 καθ’
2840 4223 3085 4292 ὑπακοὴν
3113 4223 3142 4275 6
3164 4223 3319 4290 λόγος
3348 4224 3406 4275 ὲν
3436 4223 3568 4290 ἡμῖν
3596 4217 3878 4289 ίερατεύῃ,
3914 4218 4024 4270 κᾶν

2443 4318 2694 4387 φείσηται
2726 4316 2820 4369 τοῦ
2862 4315 3032 4382 Ἀγὰγ
3068 4317 3098 4369 6
3145 4314 3318 4368 Σαούλ
3347 4328 3363 4346 ο
3394 4313 3664 4374 τουτέστι,
3693 4310 3790 4364 τοῦ
3825 4307 4022 4378 χοϊκοῦ

2443 4408 2787 4478 φρονήματος
2809 4421 2824 4436 ⁸
2860 4405 2974 4459 ἀλλ’
3007 4400 3099 4458 οῦν
3122 4405 3414 4458 ἀποκτενεῖ
3456 4401 3648 4456 τοῦτον
3694 4401 3952 4472 ζηλώσας
3993 4401 4026 4452 6

767 4509 862 4547 sus
914 4491 1105 4546 Sermo
1154 4492 1430 4556 sacerdos,
1488 4493 1639 4545 illum
1685 4490 1908 4561 perimit
1953 4492 2016 4554 “,
2066 4490 2336 4544 animum-

2441 4499 2614 4568 ίερεὺς
2635 4497 2823 4565 Λόγος,
2845 4498 2940 4550 καὶ
2963 4496 3184 4566 πλήττει
3215 4494 3589 4563 καταισχύνων
3607 4493 3696 4544 τὸν
3728 4492 4024 4561 φιλαμαρ-

767 4600 873 4653 que
926 4583 1133 4652 peccati
1179 4583 1404 4637 libidine
1450 4584 1754 4652 impensum
1805 4581 2182 4644 confundens,
2236 4597 2335 4634 ceu

767 4673 1082 4729 divinorum
1121 4683 1580 4745 transgressorem
1600 4675 1829 4745 jurium,
1873 4673 2214 4742 percellitac
2260 4673 2338 4726 fe-

769 4765 863 4818 rit.

836 4854 924 4907 55.
961 4853 1062 4908 Ubi
1089 4854 1304 4909 animus
1323 4854 1579 4924 superbia
1607 4854 1803 4917 elatus,
1824 4853 2093 4908 doctrina:
2121 4868 2334 4907 sermo-

767 4958 918 5012 nem,
976 4957 1140 5011 aquo
1186 4942 1448 4997 adversus
1504 4943 1636 4996 vitia
1690 4942 2027 5012 aﬂ‘ectusquc
2076 4941 2336 4994 inunctus

825 5123 844 5152 ⁸
870 5121 1044 5190 Philip

771 5191 816 5223 '°
843 5192 859 5244 1
891 5192 1022 5260 Reg.
1058 5208 1144 5253 xv,
1177 5191 1230 5245 9.
1309 5192 1349 5222 “
1394 5191 1413 5244 l
1450 5191 1584 5260 Reg.
1619 5190 1726 5256 αν,
1774 5190 1858 5244 17.

2441 4592 2507 4659 τή
2515 4607 2651 4660 μονα
2671 4590 2816 4653 νοῦν,
2848 4589 2923 4653 ὡς
2948 4587 3271 4659 παραϐάτην
3291 4586 3400 4640 τῶν
3418 4585 3577 4638 θείων
3599 4585 4023 4654 δικαιωμάτων.

2510 4853 2602 4900 νε’.
2641 4846 2810 4899 Ἐπὰν
2842 4845 2868 4897 ὁ
2898 4843 3021 4905 νοῦς
3054 4842 3521 4912 ύψηλοφρονήσας,
3545 4841 3633 4892 τὶν
3657 4840 3800 4892 κατᾶ
3825 4839 4030 4893 παθῶν

2440 4938 2600 4990 αὑτὸν
2623 4936 2886 5008 χρίσαντα
2912 4937 3012 5006 τῆς
3037 4933 3381 4995 διδασκαλίας
3420 4932 3578 4999 λόγον
3621 4931 3759 5001 (12),
3801 4929 3894 4983 διὰ
3919 4929 4031 4997 τῆς

1050 5138 1100 5190 p.
1173 5121 1324 5181 1.25.
1400 5120 1479 5174 σι
1529 5088 1658 5191 Reg.
1726 5120 1967 5191 “1,23.
2043 5117 2229 5172 'ibid.
2292 5115 2345 5170 ιε

2447 5113 2656 5168 uHebr.
2718 5127 2810 5177 vn,
2853 5109 2936 5168 l9.
3012 5110 3075 5165 ’l
3112 5110 3246 5180 Reg.
3305 5123 3406 5174 xvi,
3451 5108 3510 5173 l;
3567 5107 3683 5161 Act.
3744 5121 3863 5172 xm,
3929 5105 4026 5157 εξ.

845 5349 864 5367 ⁹
898 5347 1103 5415 Nempe
1135 5345 1464 5409 Salomonis,
1501 5344 1647 5415 quod
1685 5344 1892 5398 dictum
1946 5359 1977 5396 a
2034 5355 2168 5410 pace
2223 5353 2448 5392 nomen.

774 5503 930 5573 ponit
960 5502 1058 5572 τῷ,
1092 5502 1531 5573 προηγουμένως·
1560 5499 1787 5573 Cogeute
1805 5499 1984 5573 a_liqua
2011 5498 2335 5573 necessitate,

776 5568 887 5628 non
927 5568 1072 5626 ultro
1097 5586 1159 5624 ac
1185 5568 1456 5625 destinata
1489 5568 1786 5624 voluntate.
1824 5568 1982 5624 Piens
2021 5568 2338 5636 περίστασιν

778 5644 1068 5710 σωτηρίας,
1087 5642 1481 5694 circumstantia
1502 5640 1732 5708 quadam
1747 5638 1976 5710 salutis,
1986 5653 2084 5710 pro
2103 5651 2172 5710 co
2193 5635 2340 5710 quod

782 5717 888 5781 est.
913 5705 1199 5781 ίσωτηρὶας
1246 5711 1472 5781 ἕνεκεν·
1513 5705 1904 5781 salutiscausa.
1937 5705 2031 5781 Ίξδ,
2065 5705 2162 5781 τῂν
2208 5707 2338 5773 περὶ

781 5780 968 5834 παθῶν
993 5776 1416 5852 μετερχομὲνους
1440 5779 1804 5844 διδασκαλίαν,
1833 5777 1978 5845 quod
2011 5776 2222 5841 reddit,
2256 5781 2347 5839 (1!-

2444 5500 2672 5564 fectuum
2706 5491 2983 5564 disciplina
3027 5489 3301 5564 prseterita
3320 5485 3525 5564 ;_val_de
3578 5485 3848 5564 absonum
3891 5493 4032 5554 est;

2445 5557 2731 5636 ipsumque
2754 5557 2872 5631 ejus
2896 5557 3041 5636 quod
3070 5559 3282 5636 Marcus
3319 5557 3690 5636 Maximusque
3720 5562 3987 5634 statuunt
4016 5595 4032 5618 ,

2446 5623 2814 5694 contrarium}
2855 5623 2929 5685 ac'
2946 5630 3096 5682 velut
3119 5629 3233 5682 lucc
3270 5627 3384 5695 ipsa
3423 5626 3496 5678 sit
3530 5623 3878 5695 sublimioris
3911 5639 4033 5678 ser-

2447 5705 2626 5760 monis
2654 5701 2877 5756 dimissa
2899 5699 3146 5764 scientia,
3183 5694 3398 5752 non’illi
3422 5694 3691 5765 opposita.
