4192 6436
238 421 374 490 1149

1032 418 1373 486 CAPITUM
1409 426 1680 488 THEOL.
1721 426 1818 487 ET
1853 429 2090 490 (ECON.
2131 430 2521 491 CENTURIA
2559 394 2643 492 II.

3341 436 3478 499 1150

233 538 617 611 προσηκούσης
643 540 868 609 ἐρεύνης
923 539 1216 609 ἐπερωτῶν
1237 542 1364 611 περὶ
1392 541 1499 594 τῶν
1539 544 1806 612 ποιητέων
1834 551 1852 602 .1

1909 542 2243 613 fuerat.qua
2266 559 2364 612 par
2387 543 2775 613 estdiligentia
2821 558 2885 600 ac
2940 544 3222 601 scrutandi
3282 546 3484 602 seduli-

233 630 333 681 καὶ
378 628 439 680 οὑ
492 627 761 695 ποιητέων
794 626 1086 692 παύσαιτο,
1128 632 1240 693 τοῖς
1265 630 1461 683 πάθεσι
1494 633 1710 693 πάντως
1751 632 1807 694 ἐξ

232 716 463 784 ἀγνοίας
513 717 795 770 ἁλίσκεται
825 732 839 747 ο
898 716 968 769 δι’
1024 711 1098 769 ῶν
1145 719 1288 773 κατὰ
1333 720 1499 791 μέρος
1535 721 1627 773 τοῦ
1673 720 1808 774 Θεοῦ

231 808 623 877 χωριζόμενος,
654 809 713 859 ὲν
741 810 859 870 ταῖς
878 809 1152 872 ἀκουσίοις
1177 812 1528 880 περιστάσεσι
1562 830 1810 882 προσχω-

234 900 326 968 ρεῖ
347 899 459 958 τοῖς
511 898 751 967 δαίμοσι,
793 899 891 967 τὴν
923 900 1129 953 κοιλίαν
1156 900 1415 955 θεοποιῶν
1440 919 1453 932 ·
1487 902 1695 955 ἐκεῖθεν
1722 904 1811 955 εὐ-

234 990 425 1059 ρέσθαι
452 988 622 1042 θέλων
656 989 765 1042 τῶν
791 989 1085 1053 πιεζόντων
1113 991 1473 1061 παράκλησιν.
1526 992 1633 1045 Καὶ
1685 1010 1807 1044 πει-

232 1080 377 1134 θέτω
406 1098 462 1134 σε
495 1081 686 1145 Σαοὺλ,
717 1085 773 1134 ὲν
802 1086 934 1136 πᾶσι
962 1083 1260 1153 σύμϐουλον
1293 1085 1366 1154 μὴ
1403 1084 1688 1154 λαμϐάνων
1716 1088 1806 1138 τὸν

230 1170 509 1241 Σαμουὴλ,
542 1171 600 1236 ἐξ
632 1174 873 1242 ἀνάγκης
898 1172 1032 1244 πρὸς
1062 1173 1475 1242 είδωλολατρίαν
1506 1192 1803 1244 μεταστρε-

234 1262 490 1330 (ρόμενος,
524 1264 616 1314 καὶ
646 1264 743 1332 τὴν
787 1265 1256 1336 Ἑγγαστρίμυθον
1286 1267 1360 1329 ὼς
1403 1266 1466 1337 δή
1516 1284 1641 1320 τινα
1675 1268 1805 1320 Θεὸν

233 1352 518 1424 ἐπερωτᾷν
548 1355 893 1425 ἀνεχόμενος.

307 1533 412 1590 νς¹.
476 1528 533 1580 '0
563 1528 652 1581 τὸν
677 1528 841 1597 ἄρτον
863 1530 1154 1601 εὐχόμενος
1173 1530 1360 1584 λαϐεῖν
1387 1531 1480 1584 τὸν
1506 1530 1800 1595 ἐπιούσιον,

230 1618 296 1669 οὐ
331 1619 545 1682 πάντως
578 1619 695 1673 ὅλον
725 1621 944 1691 δέχεται
979 1622 1159 1685 καθὼς
1191 1623 1353 1685 αὐτὸς
1385 1624 1412 1675 6
1442 1621 1603 1690 ἄρτος
1634 1621 1800 1675 ἐστίν·

232 1711 372 1765 ἀλλά
431 1713 611 1776 καθὼς
662 1714 823 1777 αὐτὸς
869 1718 897 1768 6
937 1715 1222 1786 δεχόμενος
1248 1715 1495 1770 δύναται.
1539 1717 1680 1768 Ilia:
1704 1713 1802 1783 μὲν

1912 639 2042 694 tate,
2077 632 2144 686 de
2172 632 2399 702 agendis
2426 641 2482 686 et
2503 648 2611 685 non
2645 633 2871 701 agendis
2904 634 3213 703 percontari
3234 634 3479 699 desierit,

1909 721 2134 775 omnino
2156 738 2223 776 ex
2249 722 2551 791 ignorantia
2583 722 2776 775 iisdem
2802 724 3076 784 obnoxius
3136 724 3229 790 ﬁt;
3279 725 3483 794 quibus

1909 827 1938 865 a
1971 812 2077 866 Deo
2097 813 2359 881 paulatim
2398 812 2683 877 recedens,
2711 812 2960 868 adversis
3009 816 3229 870 casibus
3276 815 3483 884 quibus

1910 898 2116 955 invitus
2178 902 2544 965 examinatur,
2595 901 2661 955 ad
2729 901 3007 958 daemones
3074 904 3317 971 accedit;
3383 905 3479 974 qui

1908 989 2076 1044 Deum
2128 1000 2378 1045 ventrem
2413 992 2582 1047 faciat
2610 994 2673 1055 ι’,
2705 993 2944 1061 indeque
2999 1009 3028 1047 a
3062 995 3239 1059 malis,
3277 996 3479 1065 quibus

1906 1082 2197 1150 premitur,
2222 1083 2468 1137 levamen
2503 1101 2567 1139 ac
2602 1084 2857 1139 solatium
2891 1094 3121 1154 quaerat.
3180 1085 3477 1155 Fidemque

1906 1171 2067 1227 faciat
2090 1173 2241 1237 Saul,
2282 1174 2488 1228 idcirco
2510 1176 2655 1243 quod
2685 1191 2794 1229 non
2830 1176 2885 1229 in
2915 1176 3173 1230 omnibus
3196 1177 3477 1231 consuluit

1906 1262 2234 1328 Samuelem,
2266 1266 2578 1319 necessario
2598 1266 2664 1319 ad
2692 1266 2962 1319 idolorum
2990 1266 3314 1320 servitutem
3344 1281 3478 1319 con-

1905 1369 2114 1417 versus,
2151 1370 2215 1409 ac
2244 1356 2339 1424 qui
2373 1355 2775 1424 ventriloquam
2803 1370 2903 1409 ceu
2942 1370 3146 1409 numen
3198 1356 3474 1425 quoddam

1904 1460 1967 1500 ac
1987 1446 2272 1500 oraculum
2311 1447 2601 1502 consulere
2638 1462 2747 1500 non
2776 1446 3032 1501 abnuerit
3055 1446 3117 1499 ⁸³.

1972 1537 2058 1591 56.
2098 1537 2201 1604 Qui
2228 1554 2422 1607 panem
2454 1539 2837 1608 quotidianum
2872 1546 3027 1609 rogat
3058 1538 3329 1610 accipere,
3360 1556 3471 1596 non

1902 1626 2127 1680 omnino
2161 1634 2333 1681 totum
2360 1626 2580 1694 accipit,
2615 1634 2855 1693 quantus
2878 1625 2993 1693 ipse
3027 1625 3186 1694 panis
3216 1633 3320 1689 εει,
3374 1625 3471 1681 sed

1902 1717 2079 1787 quoad
2123 1717 2412 1786 accipienti
2470 1732 2571 1785 per
2609 1717 2924 1771 facultatem
2970 1716 3120 1771 licet.
3161 1716 3297 1770 Nam
3353 1717 3469 1787 ipse

231 1804 343 1874 γὰρ
384 1805 573 1860 ἑαυτὸν
608 1806 790 1860 δίδωσι
827 1810 936 1871 τοῖς
974 1808 1183 1861 αἰτοῦσι
1204 1809 1233 1860 6
1258 1807 1355 1877 τῆς
1379 1810 1521 1879 ζωῆς
1543 1808 1702 1878 ἄρτος
1726 1806 1800 1870 ὡς
1833 1869 1852 1879 _

1901 1807 2121 1875 quidem
2146 1807 2302 1876 panis
2328 1807 2453 1875 vitae
2479 1806 2540 1869 “,
2568 1821 2838 1875 propensa
2886 1806 3133 1861 bonitate
3182 1822 3301 1871 sua,
3337 1824 3473 1862 cun-

231 1894 630 1967 φιλάνθρωπος,
659 1898 720 1950 ού
750 1901 890 1951 κατά
923 1900 984 1952 τὸ
1012 1899 1141 1952 αὐτὸ
1165 1899 1221 1953 δὲ
1262 1901 1425 1952 πᾶσιν
1452 1916 1467 1931 ·
1508 1898 1644 1951 ἀλλὰ
1689 1900 1799 1961 τοῖς

230 1985 336 2052 μὲν
368 1986 576 2056 μεγάλα
598 1988 943 2059 δικαιοσύνης
975 1989 1111 2060 ἔργα
1141 1990 1484 2060 πεποιηκόσι,
1514 1989 1788 2051 πλειόνως

224 2077 343 2139 τοῖς
387 2076 445 2128 δὲ
472 2077 677 2130 τούτων
707 2079 949 2149 ἥττοσιν,
987 2081 1223 2146 ήττόνως
1245 2094 1260 2111 ο
1291 2080 1507 2150 ἑκάστῳ
1547 2078 1727 2143 καθὼς
1761 2080 1794 2148 ή

224 2167 372 2218 κατά
392 2168 514 2221 νοῦν
553 2169 679 2234 ἀξία
710 2169 967 2235 δέξασθαι
991 2170 1232 2224 δύναται.

296 2436 395 2499 νξν.
442 2436 501 2488 '0
539 2436 743 2507 Κύριος
779 2436 908 2488 ποτὲ
945 2435 1044 2506 μὲν
1073 2436 1362 2507 ἀποδημεῖ,
1394 2436 1523 2490 ποτὲ
1547 2436 1602 2489 δὲ
1634 2436 1792 2505 ἐνδη-

222 2529 339 2595 μεῖ.
385 2527 695 2596 Ἀποδημεῖ,
724 2528 864 2579 κατὰ
896 2527 993 2597 τὴν
1017 2528 1306 2598 πρόσωπον
1335 2529 1470 2596 πρὸς
1504 2528 1791 2598 πρόσωπον

218 2617 455 2687 Θεωρίαν
482 2634 494 2646 “
528 2620 767 2688 ἐνδημεῖ,
802 2617 940 2672 κατά
966 2620 1064 2688 τὴν
1116 2622 1172 2673 έν
1217 2621 1465 2691 ἐσόπτρῳ
1510 2620 1603 2672 καὶ
1649 2620 1790 2672 αίνί-

216 2728 394 2780 γμασι
421 2711 673 2783 θεωρίαν.

289 2890 390 2961 νη’.
428 2893 516 2963 Τῷ
545 2894 643 2963 μὲν
681 2897 992 2967 πρακτικῷ,
1036 2898 1255 2967 ἐνδημεῖ
1301 2897 1389 2949 διά
1436 2894 1541 2948 τῶν
1578 2894 1787 2965 ἀρετῶν

215 2981 246 3032 δ
278 2979 479 3051 Κύριος
506 3000 520 3015 ⁹
552 2984 645 3037 τοῦ
675 2986 730 3038 δὲ
770 2990 973 3056 μηδένα
1004 2989 1158 3055 λόγον
1186 2987 1507 3057 ποιουμένου
1532 2987 1629 3054 τῆς
1662 2986 1788 3053 ἀρε-

214 3072 338 3141 τῆς,
366 3074 655 3145 ἀποδημεῖ.
682 3079 790 3131 Καὶ
824 3080 1001 3143 πάλιν,
1054 3081 1130 3149 τῷ
1183 3082 1279 3148 μὲν
1312 3075 1649 3147 θεωρητικῷ,
1699 3078 1784 3130 διὰ

213 3168 468 3233 γνώσεως
493 3169 598 3221 τῶν
625 3170 791 3224 ὄντων
818 3171 1051 3241 ἀληθοῦς
1082 3173 1202 3239 ὲνδη
1215 3155 1340 3240 μεῖὀ
1366 3168 1457 3221 τοῦ
1494 3166 1549 3218 δὲ
1586 3166 1784 3237 ταύτης
1813 3193 1852 3245 ρ

214 3258 358 3311 κατά
381 3276 431 3310 τι
451 3277 594 3330 παρα
604 3262 912 3329 σφαλέντος,
933 3263 1223 3332 ἀποδημεῖ.

288 3430 386 3485 νϐ’.
425 3432 722 3502 Ἀποδημεῖ
746 3435 964 3505 σαρκὸς,
998 3437 1025 3487 6
1054 3435 1187 3505 πρὸς
1217 3437 1314 3507 τὴν
1345 3439 1647 3511 γνωστικὴν
1670 3440 1785 3504 ἕξιν

218 3523 457 3592 μεταϐὰς
519 3524 624 3576 ἀπὸ
674 3527 771 3587 τῖες
820 3527 1127 3597 πρακτικῆς
1157 3546 1171 3559 ·
1207 3530 1582 3601 ἁρπαζόμενος
1617 3533 1693 3596 ὡς
1727 3536 1783 3585 ἐν

212 3613 485 3678 νεφέλαις,
516 3617 627 3677 τοῖς
649 3616 999 3685 ὑψηλοτέροις
1024 3619 1311 3687 νοήμασιν,
1338 3622 1413 3682 εἰς
1438 3621 1529 3673 τὸν
1550 3623 1783 3694 διαφανῆ

211 3704 315 3772 τῆς
350 3707 615 3774 μυστικῆς
652 3704 885 3775 θεωρίας
924 3708 1062 3776 ἀέρα
1096 3726 1108 3737 ·
1164 3708 1285 3762 καθ’
1335 3708 1394 3761 ὃν
1447 3711 1544 3762 σὺν
1596 3712 1784 3782 Κυρίῳ

211 3789 357 3846 εἶναι
413 3795 701 3864 δυνήσεται
747 3798 997 3850 πάντοτε.
1040 3798 1300 3868 Ἐκδημεῖ
1329 3801 1384 3852 δὲ
1408 3801 1516 3852 ἀπὸ
1546 3800 1640 3853 τοῦ
1672 3804 1782 3855 Ku-

213 3886 358 3955 ρίου,
388 3886 417 3938 6
450 3886 617 3956 μήπω
646 3887 768 3957 δίχα
797 3887 903 3941 τῶν
936 3889 1058 3941 κατ’
1082 3888 1337 3959 αἴσθησιν
1367 3892 1654 3960 ἐνεργειῶν
1680 3910 1781 3946 κα·-

213 3976 280 4027 θα
292 3975 367 4045 ρῷ
397 3975 477 4029 νοῒ
509 3976 783 4047 θεωρῆσαι
816 3978 957 4031 κατά
986 3978 1046 4031 τὸ
1073 3979 1291 4049 ἐφικτὸν
1319 3981 1387 4033 τά
1423 3982 1666 4052 νοήματα
1692 3983 1781 4036 δυο

210 4066 467 4134 νάμενος,
500 4069 594 4120 καὶ
620 4069 711 4121 τὸν
735 4070 861 4139 περὶ
890 4070 982 4123 τοῦ
1013 4072 1219 4142 Κυρίου
1247 4071 1403 4141 λόγον
1432 4073 1639 4127 ἁπλοῦν
1675 4093 1783 4145 χω-

214 4153 302 4222 ρὶς
323 4155 656 4222 αἰνιγμάτων
687 4156 761 4226 μὴ
796 4158 1008 4227 χωρῶν.

284 4325 344 4390 ξ’.
390 4326 448 4379 Ὀ
473 4327 567 4381 τοῦ
595 4328 731 4381 Θεοῦ
752 4331 922 4400 Λόγος
961 4333 1046 4403 (f),
1080 4334 1140 4386 ού
1177 4335 1336 4403 μόνον
1366 4335 1557 4389 καθότι
1583 4338 1780 4406 σεσάρο

211 4434 382 4469 κωται
407 4418 622 4486 λέγεται
658 4422 790 4493 σάρξ
810 4439 825 4454 ο
862 4423 998 4476 ἀλλὰ
1019 4425 1205 4478 καθότι
1232 4427 1362 4489 Θεὸς
1392 4427 1561 4493 Λόγος
1596 4427 1781 4491 ἁπλῶς

1898 1896 2003 1951 ctis
2060 1911 2119 1953 se
2176 1896 2513 1965 petentibus,
2547 1897 2649 1951 etsi
2694 1912 2804 1951 non
2856 1896 3049 1952 eadem
3100 1897 3354 1953 omnibus
3385 1914 3473 1953 ra-

1900 1985 2048 2041 tione
2081 1986 2308 2057 parique
2329 1987 2713 2043 distributione
2737 1988 2974 2058 praebet;
3011 1988 3130 2053 sed,
3186 1988 3296 2043 illis
3339 1988 3469 2058 qui-

1880 2076 2020 2131 .dem
2071 2077 2323 2145 abunde,
2380 2078 2475 2147 qui
2532 2093 2726 2148 magna
2778 2079 3188 2148 designaverint
3236 2079 3468 2148 iustitia:

1893 2183 2092 2237 opera;
2140 2169 2230 2224 his
2282 2177 2465 2223 autem
2496 2169 2591 2238 qui
2629 2169 2872 2224 minores
2915 2170 3250 2232 exstiterint,
3302 2168 3467 2238 paulo

1891 2260 2132 2328 parcius,
2164 2260 2365 2329 cuique
2398 2261 2628 2323 scilicet,
2654 2269 2917 2329 quantum
2942 2276 3042 2330 pro
3069 2260 3237 2315 animi
3287 2260 3470 2331 digni-

1896 2359 2003 2406 tate
2032 2360 2197 2419 atque
2231 2353 2428 2407 merito
2463 2359 2640 2421 potest
2662 2367 2879 2420 capere.
3389 2412 3397 2419 _

1964 2444 2050 2497 57.
2079 2444 2360 2507 Dominus,
2385 2444 2582 2513 partim
2605 2443 2827 2512 quidem
2855 2443 3079 2508 absens,
3106 2444 3305 2511 partim
3326 2458 3466 2512 przr-

1892 2548 2017 2586 sens
2053 2544 2159 2587 est.
2221 2532 2434 2587 Absens
2454 2542 2561 2596 est,
2606 2532 2752 2601 quod
2784 2532 2851 2586 ad
2893 2547 3012 2586 eam
3046 2532 3309 2586 visionem
3339 2531 3467 2586 atti-

1889 2632 2003 2687 net,
2026 2640 2147 2692 qua:
2177 2633 2259 2678 est
2280 2623 2412 2678 facir
2434 2626 2500 2678 ad
2516 2623 2681 2694 498
2704 2623 2894 2678 faciem
2916 2641 2930 2688 ;
2951 2632 3036 2677 est
3058 2638 3190 2677 vero
3205 2638 3460 2693 praesens.

1889 2723 2154 2781 quantum
2179 2712 2243 2766 ad
2271 2728 2390 2766 eam
2415 2712 2927 2783 contemplationem
2942 2713 3133 2781 quaain
3153 2711 3377 2783 speculo
3399 2707 3464 2767 ac

1888 2804 2172 2869 amigmate
2196 2812 2279 2858 est
2304 2804 2366 2857 ¹⁸.

1960 2897 2046 2949 58.
2086 2895 2293 2963 Ei,qui
2355 2911 2413 2947 se
2452 2893 2653 2947 actioni
2704 2893 2994 2962 impendit,
3048 2893 3313 2947 Dominus
3365 2908 3464 2962 per

1886 2987 2119 3040 virtutes
2168 2988 2355 3049 adest;
2389 2986 2457 3039 ab
2492 3001 2559 3038 eo
2603 2994 2785 3039 autem
2828 2985 2921 3054 qui
2982 2985 3185 3038 nullam
3240 2984 3462 3039 virtutis

1887 3077 2160 3129 rationem
2219 3075 2402 3134 habet,
2461 3089 2687 3143 peregre
2729 3082 2833 3136 est,
2899 3073 3218 3139 Rursusque
3258 3073 3460 3126 colenti

1885 3163 2196 3224 scientiam,
2232 3178 2293 3215 ac
2321 3162 2769 3230 contemplationi
2811 3161 2996 3214 dedito
3018 3176 3117 3229 per
3140 3175 3322 3213 veram
3374 3175 3462 3213 re-

1886 3269 2005 3307 rum
2033 3253 2399 3321 cognitionem
2429 3267 2668 3320 praesens
2688 3251 2787 3316 ﬁt;
2818 3251 2884 3304 al)
2934 3266 3000 3305 eo
3026 3260 3207 3304 autem
3264 3251 3462 3305 absens

1886 3353 1990 3404 est,
2021 3344 2117 3412 qui
2146 3344 2255 3397 ulla
2284 3344 2495 3396 ratione
2524 3343 2592 3396 ab
2622 3358 2685 3396 ea
2710 3341 3071 3396 aberraverit.

1956 3435 2042 3487 59.
2078 3434 2312 3502 Peregre
2329 3441 2413 3487 est
2437 3448 2464 3485 a
2506 3448 2691 3496 carne,
2725 3432 2816 3500 qui
2854 3431 2923 3485 ab
2968 3430 3184 3485 actione
3228 3431 3461 3485 commi-

1884 3525 2059 3593 gravit
2083 3522 2149 3575 ad
2182 3521 2427 3575 scientiae
2460 3521 2747 3585 habitum;
2810 3522 2903 3590 qui
2936 3521 3088 3574 velut
3122 3520 3177 3573 in
3214 3519 3458 3574 nubibus

1884 3613 2131 3682 rapiatur
2188 3610 2540 3680 (sublimibus
2593 3611 2806 3665 scilicet
2850 3609 3048 3679 sensis)
3106 3611 3163 3664 in
3214 3611 3458 3688 mysticae

1883 3702 2363 3773 contemplationis
2407 3702 2742 3772 pellucidum
2792 3716 2996 3765 aerem,
3026 3701 3121 3755 ubi
3168 3716 3289 3755 esse
3332 3716 3458 3756 cum

1882 3795 2115 3850 Domino
2144 3809 2362 3864 semper
2385 3793 2590 3863 poterit
2621 3794 2685 3859 ⁸⁸,
2712 3794 2945 3863 Peregre
2968 3809 3103 3847 vero
3144 3801 3230 3847 est
3272 3807 3301 3866 a
3352 3791 3459 3846 Do-

1882 3886 2052 3947 mino,
2086 3886 2181 3954 qui
2212 3885 2446 3939 necdum
2473 3885 2682 3938 otiante
2712 3900 2878 3938 sensu
2915 3885 3143 3953 ejusque
3199 3882 3456 3937 submota

1880 3976 2116 4037 actione,
2169 3990 2307 4043 pura
2368 3982 2573 4037 mente,
2625 3989 2783 4027 sensa
2832 3974 2970 4042 ipsa,
3018 3972 3197 4042 quoad
3248 3972 3456 4026 homini

1880 4076 2204 4116 concessum
2261 4070 2365 4124 est,
2425 4062 2787 4131 contemplari
2851 4061 3147 4129 potest;is
3189 4060 3451 4129 denique,

1880 4152 1975 4221 qui
2013 4152 2319 4221 simplicem
2353 4153 2421 4207 de
2449 4153 2561 4207 Deo
2587 4166 2896 4208 serm0nem
2923 4163 3087 4222 atque
3125 4151 3454 4216 doctrinam,

1880 4242 2087 4310 absque
2126 4242 2475 4312 aenigmatum
2511 4241 2812 4296 involucris
2840 4257 2950 4295 non
2984 4240 3148 4311 capit.

1952 4335 2037 4389 60.
2076 4335 2171 4388 Dei
2202 4334 2464 4396 Verbum,
2499 4333 2700 4387 nedum
2725 4349 2833 4402 qua
2875 4335 3092 4389 ratione
3120 4349 3339 4388 carnem
3373 4349 3460 4390 as-

1883 4423 2138 4492 sumpsit,
2169 4439 2298 4478 caro
2326 4425 2663 4493 appellatur;
2693 4424 2786 4479 sed
2822 4439 2928 4493 qua
2959 4424 3126 4479 etiam
3147 4424 3293 4479 Deus
3322 4424 3459 4481 .Ver-

213 4510 497 4579 νοούμενος
527 4514 583 4566 ὲν
607 4515 746 4584 ἀρχῇ
784 4516 921 4586 πρὸς
946 4516 1037 4568 τὸν
1066 4516 1198 4569 Θεὸν
1226 4519 1321 4571 καὶ
1381 4519 1619 4590 Πατέρα,
1690 4520 1782 4572 καὶ
1816 4520 1852 4574 D

1888 4514 2014 4568 bum
2038 4514 2362 4583 simpliciter
2385 4514 2440 4567 in
2470 4514 2742 4583 principio
2772 4515 2916 4583 apud
2948 4515 3119 4568 Deum
3152 4523 3206 4568 et
3240 4515 3456 4570 Patrem

211 4606 405 4668 σαφεῖς
439 4618 531 4656 και
560 4609 798 4675 γυμνοὺς
827 4610 952 4671 τοὺς
976 4610 1071 4678 τῆς
1101 4610 1356 4678 ἀληθείας
1377 4611 1627 4680 περὶτῶν
1648 4612 1785 4664 ὅλων

214 4693 356 4762 ἔχων
377 4694 602 4760 τύπους,
634 4699 694 4749 οὐ
722 4698 967 4768 περιέχει
1000 4700 1314 4770 παραϐολὰς
1345 4702 1436 4753 καὶ
1467 4702 1781 4769 αἰνίγματα’

214 4785 337 4837 οὐδὲ
361 4786 600 4857 ἱστορίας
629 4788 889 4856 δεομένας
915 4791 1243 4861 ἀλληγορίας
1268 4806 1283 4820 ·
1319 4793 1458 4845 ἐπάν
1488 4793 1543 4846 δὲ
1578 4794 1786 4861 ἀνθρώ-

211 4890 338 4935 ποις
390 4874 704 4948 ὲπιδημήσῃ
768 4877 841 4947 μὴ
879 4878 1196 4947 δυναμένοις
1236 4880 1428 4950 γυμνῷ
1457 4880 1533 4949 τῷ
1576 4880 1655 4933 νοῒ
1686 4899 1783 4949 γυ-

215 4966 366 5033 μνοῖς
406 4965 762 5034 προσϐάλλειν
788 4971 899 5031 τοῖς
928 4971 1155 5038 νοητοῖςο
1182 4970 1289 5022 ἀπὸ
1322 4971 1427 5023 τῶν
1457 4971 1636 5034 αὐτοῖς
1664 4989 1783 5024 συν-

211 5054 361 5122 ήθων
394 5055 796 5126 διαλεγόμενος,
830 5058 917 5111 διὰ
945 5060 1042 5129 τῆς
1075 5059 1181 5112 τῶν
1214 5061 1465 5132 ἱστοριῶν
1498 5063 1589 5115 καὶ
1641 5064 1781 5115 αἰνι-

210 5144 440 5216 γράτων
461 5148 554 5199 καὶ
582 5148 902 5217 παραϐολῶν
941 5150 1038 5203 καὶ
1076 5153 1365 5205 σκοτεινῶν
1397 5153 1569 5222 λόγων
1601 5172 1779 5208 ποικι-

284 5299 333 5371 ¹¹ν
355 5300 591 5371 Philipp.
656 5316 733 5368 Ill,
786 5300 869 5356 l9.

983 5304 1076 5359 ³⁸1
1123 5306 1257 5376 Reg.
1300 5322 1483 5370 xxvm,
1533 5308 1563 5360 7
1606 5322 1751 5377 seqq.

210 5385 287 5436 IV,
320 5370 402 5424 16.

285 5528 357 5605 (f)_
393 5528 457 5581 Ὀ
486 5528 593 5582 τοῦ
630 5529 784 5605 Θεοῇ
819 5531 1028 5605 Λόγος.
1058 5532 1299 5587 Utuntur
1330 5532 1501 5588 Graeci
1529 5533 1772 5605 theologi

212 5597 452 5673 quadam
502 5599 864 5673 amplitudine
893 5600 995 5673 hac
1042 5618 1209 5673 voce,
1240 5618 1355 5673 nec
1403 5597 1542 5673 saepe
1590 5597 1776 5673 aptufn

212 5667 442 5723 cumino
494 5667 772 5737 est’quod
822 5670 1061 5724 Verbum
1123 5671 1371 5726 redditur
1415 5690 1429 5726 :
1480 5667 1561 5727 uti
1613 5667 1777 5727 etiam

211 5753 340 5811 eum
372 5737 462 5791 hic
500 5738 785 5811 Maximus,
841 5756 940 5808 per
972 5741 1183 5810 singula
1231 5742 1432 5811 scripta
1466 5744 1665 5807 verba,
1710 5744 1779 5796 δι’

214 5808 447 5861 ἑκάστου
468 5808 574 5861 τῶν
597 5808 1098 5883 ἀναγεγραμμένων
1130 5808 1409 5882 ῥημάτων,
1435 5813 1509 5867 ait
1536 5813 1782 5868 incarna-

1885 4605 2249 4667 intellectum,
2283 4604 2570 4672 clarasque
2601 4619 2664 4658 ac
2683 4603 2859 4657 nudas
2894 4605 3277 4678 universorum
3307 4606 3456 4659 veri-

1885 4696 2011 4750 tatis
2040 4695 2245 4749 formas
2275 4695 2503 4759 habens,
2539 4694 2718 4747 nullas
2752 4694 3041 4763 parabolas
3075 4710 3138 4749 ac
3166 4696 3456 4764 aanigmata

1882 4802 2005 4841 cum
2062 4786 2480 4854 complectatur,
2513 4800 2676 4841 easve
2712 4784 2972 4839 historias
3003 4800 3142 4853 quas
3190 4800 3290 4854 per
3318 4786 3456 4840 alle-

1881 4877 2088 4946 goriam
2133 4891 2409 4945 exponere
2454 4892 2679 4930 necesse
2711 4876 2813 4939 sit;
2846 4875 2939 4929 ubi
2973 4875 3041 4929 ad
3080 4875 3334 4930 homines
3356 4892 3454 4931 ve-

1887 4972 1990 5032 nit,
2016 4969 2110 5038 qui
2138 4968 2280 5021 nuda
2320 4978 2501 5022 mente
2527 4984 2614 5022 res
2639 4967 2937 5036 spiritales,
2983 4967 3134 5035 ipsas
3163 4968 3338 5020 nudas
3368 4966 3457 5019 iu-

1889 5061 2130 5131 telligere
2161 5075 2271 5113 non
2324 5059 2569 5129 possint;
2621 5075 2689 5113 ex
2744 5058 2811 5112 iis
2862 5058 3145 5112 disserens
3192 5074 3313 5127 quae
3347 5058 3457 5113 illis

1885 5161 2146 5208 consueta
2200 5166 2376 5220 exque
2414 5166 2517 5205 usu
2558 5157 2763 5215 essent,
2801 5148 3157 5204 historiarum
3191 5150 3453 5219 aenigma-

3127 5307 3168 5338 "
3199 5304 3220 5359 ι
3258 5304 3448 5361 Thess.

1881 5305 1921 5338 “
1944 5306 2098 5361 Joan.
2140 5321 2213 5369 vl,
2262 5305 2350 5359 55.
2461 5306 2553 5358 "l
2592 5306 2719 5360 Cor.
2774 5322 2887 5368 χιιι,
2932 5306 3018 5360 19..

1885 5533 1928 5586 ri
1964 5532 2053 5584 τὸν
2084 5532 2273 5597 Λόγον·
2313 5530 2385 5585 ita
2418 5536 2475 5583 ut
2500 5529 2667 5582 verba
2691 5535 2748 5597 et
2775 5542 2939 5597 voces
2964 5525 3075 5580 sint
3105 5524 3255 5578 velut
3280 5537 3451 5597 caro,

1886 5602 2035 5656 illius
2055 5592 2269 5655 eximia:
2298 5602 2485 5667 Λόγου,
2515 5598 2685 5659 Verbi,
2720 5595 3010 5667 Sermonis,
3042 5608 3203 5667 quem
3227 5601 3282 5648 et
3306 5592 3455 5667 Scri-

1886 5682 2061 5741 ptura:
2098 5669 2222 5722 νοῦν
2258 5662 2409 5736 dicit,
2435 5677 2490 5724 et
2520 5667 2758 5725 Verbum
2795 5667 2850 5720 in
2880 5662 3153 5736 principio
3176 5663 3321 5734 apud
3351 5662 3452 5718 Pa.

1890 5753 2046 5807 trem,
2072 5748 2180 5795 etc.
