4192 6436
731 375 862 442 1151
910 407 920 412 -

1890 375 1950 435 S.
1992 370 2275 432 MAXIMI
2315 370 2828 432 CONFESSORIS

3867 366 4002 429 1ίῖιῖ

729 491 954 552 tumque
988 490 1044 536 et
1060 480 1444 550 parabolarum
1469 479 1967 547 obscuriorumque
1991 495 2302 533 sermonum

2411 477 2529 540 λίας
2557 480 2957 550 συντιθέμενος,
2978 481 3184 549 γίνεται
3216 482 3371 551 σάρξ.
3407 481 3568 536 Κατὰ
3588 479 3695 551 γὰρ
3845 480 3989 548 πρώ-

727 575 994 629 varietatc
1047 571 1453 640 compositum,
1507 587 1637 625 caro
1693 570 1947 626 eﬂicitur.
1997 572 2116 625 Non
2157 573 2308 624 cnim

728 666 904 734 prima
945 664 1128 716 statim
1155 662 1632 726 consideratione,
1684 678 1842 716 mens
1879 672 2067 716 nostra
2098 663 2308 723 nudum

729 755 908 824 ipsum
946 756 1184 810 Verbum
1223 755 1447 824 attingit
1494 770 1560 809 ac
1621 754 1912 824 intelligit,
1947 753 2042 807 sed
2067 753 2308 807 Verbum

729 849 1102 912 iucarnatum,
1130 847 1440 902 dictionum
1458 845 1952 899 scilicetvarietatc
1973 844 2306 913 implexum:

729 940 910 1010 ipsum
956 940 1181 1010 quidem
1223 948 1418 993 natura
1452 937 1729 1003 Verbum;
1778 937 1873 992 sed
1923 937 2070 1006 quod
2125 945 2308 989 tamen

725 1048 856 1086 caro
885 1032 1278 1102 conspiciatur,
1334 1030 1414 1084 sic
1455 1029 1718 1083 nimirum
1763 1037 1824 1083 ut
1855 1017 2049 1098 plures.
2084 1041 2309 1081 carnem

726 1141 838 1178 non
896 1125 1137 1178 Verbum
1191 1124 1380 1178 videre
1425 1122 1532 1176 sibi
1578 1122 1908 1186 videantur;
1958 1120 2062 1175 etsi
2115 1134 2310 1174 revera

725 1215 966 1268 Verbum
1005 1223 1108 1268 est.
1148 1214 1268 1269 Non
1309 1214 1455 1268 enim
1482 1214 1578 1284 qui
1615 1213 1780 1281 vulgo
1806 1211 2045 1272 videtur,
2084 1213 2128 1265 is
2159 1209 2310 1264 Scri-

723 1317 901 1376 ptum
928 1322 1125 1362 sensus
1151 1315 1238 1362 est
1266 1322 1332 1361 ac
1362 1307 1699 1369 intellectus,
1729 1305 1826 1359 sed
1857 1304 2000 1357 alius
2025 1318 2190 1371 quam
2215 1300 2310 1371 qui

2404 587 2503 639 την
2552 571 2881 643 προσϐολὴν,
2921 575 2985 625 οὐ
3016 573 3207 643 γυμνῷ
3250 573 3585 642 προσϐάλλει
3615 571 3774 640 Λόγῳ
3804 574 3833 623 ὁ
3860 571 4001 639 ἠμέ-

2404 678 2561 732 τερος
2587 661 2712 724 νοῦς
2742 681 2755 694 ·
2803 662 2942 716 ἀλλὰ
2984 664 3146 734 Λόγῳ
3181 664 3594 734 σεσαρκωμένῳ
3622 678 3637 693 ·
3673 663 3875 732 δηλαδὴ
3929 664 3998 731 τῇ

2407 752 2651 821 ποικιλία
2679 752 2790 805 τῶν
2833 752 3073 818 λέξεων·
3123 755 3283 824 Λόγῳ
3335 754 3433 822 μὲν
3483 754 3617 818 ὄντι,
3660 755 3728 822 τῇ
3785 752 3950 820 φύσει
3979 770 3995 783 ·

2409 844 2575 914 σαρκὶ
2602 842 2659 894 δὲ
2687 847 2754 912 τῇ
2788 843 2907 912 ὄψει
2937 860 2952 874 ο
2981 844 3123 898 ὥστε
3151 846 3280 908 τοὺς
3313 843 3565 908 πολλοὺς,
3603 844 3781 914 σάρκα
3811 845 3906 895 καὶ
3936 844 4000 896 οὗ

2409 932 2580 999 Λόγον
2603 933 2936 1002 όρᾷνδοκεῖν
2963 932 3067 986 κᾶν
3099 935 3148 986 εἰ
3179 933 3324 987 κατὰ
3358 932 3618 1004 ἀλήθειάν
3651 935 3769 985 ἐστι
3799 933 3987 1000 Λόγος-

2409 1027 2484 1079 θί*
2533 1026 2641 1098 γὰρ
2679 1028 2816 1099 ὅπερ
2858 1028 3005 1081 δοκεῖ
3036 1031 3150 1093 τοῖς
3197 1028 3438 1093 πολλοῖς,
3461 1027 3619 1081 τοῦτο
3641 1029 3739 1098 τῆς
3769 1028 3999 1096 Γρατξῆς

2407 1119 2558 1170 ἐστιν
2587 1120 2614 1172 ὁ
2644 1118 2790 1182 νοῦς,
2820 1121 2936 1173 ἀλλ’
2973 1120 3163 1191 ἕτερον
3206 1122 3358 1193 παρὰ
3391 1122 3453 1174 τὸ
3495 1121 3712 1175 δοκοῦν.
3776 1123 3835 1174 '0
3888 1123 4000 1187 γάρ

2407 1209 2600 1275 Λόγος,
2644 1210 2711 1262 δι’
2747 1212 2979 1268 ἑκάστου
3023 1212 3134 1265 τῶν
3154 1214 3680 1286 -άναγεγραμμένων
3731 1215 4002 1284 ῥημάτων

2409 1298 2622 1366 γίνεται
2663 1302 2822 1371 σάρξ.

725 1369 805 1453 ita
854 1400 1096 1455 videtur.
1132 1401 1266 1455 Nam
1315 1401 1556 1455 Verbum
1592 1399 1809 1470 (Λόγος,
1854 1414 1951 1452 seu
1994 1369 2210 1468 sermo)
2235 1369 2349 1466 iper
2373 1393 2634 1466 singulas
2679 1369 2803 1467 quae.
2875 1369 3099 1469 scriptae
3131 1409 3264 1456 sunt
3309 1418 3476 1457 voces
3523 1399 3834 1473 (ῥημάτων)
3864 1415 4000 1455 caro

724 1490 983 1545 edicitur.

795 1581 883 1634 6l.
921 1580 1106 1634 Prima
1165 1595 1452 1634 nominum
1507 1579 1578 1634 ad
1636 1580 1895 1650 pietatem
1941 1578 2256 1634 rudimenta
2289 1617 2304 1640 ,

723 1673 880 1742 quasi
905 1672 972 1726 ad
1009 1687 1235 1727 carnem
1263 1672 1382 1727 ﬁeri
1416 1681 1848 1727 consueverunt.
1885 1671 2093 1725 Littera
2133 1670 2306 1733 enim,

2485 1577 2584 1641 ξαό
2649 1579 2712 1632 Ἦ
2760 1579 2987 1651 ἀπαρχὴ
3032 1580 3132 1651 τῆς
3185 1581 3325 1653 πρὸς
3363 1582 3661 1636 εὐσέϐειαν
3691 1581 4000 1652 μαθητείαις

2409 1665 2518 1718 τῶν
2572 1665 2898 1735 ἀνθρώπων,
2952 1667 3029 1730 ὡς
3078 1668 3215 1738 πρὸς
3271 1669 3452 1740 σάρκα
3484 1669 3731 1738 γίνεσθαι
3761 1672 3998 1736 πέφυκε.

724 1779 835 1816 non
868 1762 1065 1832 spiritu
1113 1761 1566 1828 consuescimus;
1603 1776 1729 1816 cum
1764 1761 2005 1831 primum
2034 1760 2103 1813 ad
2132 1760 2301 1829 pieta-

2410 1755 2704 1826 Γράμματι
2738 1755 2870 1827 γὰρ,
2910 1756 3028 1811 ἀλλ’
3058 1757 3119 1809 οὐ
3155 1758 3429 1829 πνεύματι
3457 1761 3599 1813 κατά
3632 1761 3733 1827 τὴν
3773 1759 4000 1830 πρώτην

726 1862 834 1907 tem
861 1853 1108 1906 animum
1145 1853 1455 1923 adjicimus.
1485 1853 1754 1908 Paulatim
1788 1868 1921 1908 vero
1947 1850 2016 1906 ad
2047 1850 2306 1920 spiritum

724 1944 1118 2013 provehentes,
1158 1944 1652 2014 subtilioribusque
1693 1943 1861 2016 499
1892 1944 2070 1999 sensis
2111 1942 2308 1997 dictio-

724 2052 860 2090 num
897 2037 1206 2091 crassitiem
1239 2036 1570 2090 deradentes
1622 2051 1687 2090 ac
1720 2045 2032 2097 tenuantes,
2073 2037 2129 2089 in
2165 2050 2307 2105 puro

724 2143 860 2198 pure
888 2127 1135 2192 Christo,
1173 2127 1354 2198 quoad
1390 2144 1489 2198 per
1521 2128 1840 2183 facultatem
1887 2127 2208 2181 hominibus
2235 2127 2305 2180 li-

723 2227 832 2280 cet,
864 2220 1201 2283 invenimur;
1236 2219 1311 2273 ita
1357 2229 1421 2272 ut
1456 2220 1610 2289 juxta
1665 2235 1924 2288 magnum
1973 2217 2301 2288 Apostolum

723 2309 1002 2378 possimus
1031 2309 1220 2368 dicere
1252 2329 1265 2362 :
1298 2310 1414 2364 Etsi
1437 2311 1770 2380 cognovimus
1801 2309 2068 2365 Christum
2115 2325 2304 2362 secun-

720 2399 847 2454 dum
874 2416 1088 2453 carnem
1109 2439 1123 2462 ,
1162 2399 1254 2452 sed
1280 2416 1418 2452 nunc
1459 2416 1562 2452 non
1606 2400 1844 2468 novimus
1867 2399 1946 2463 ";
1991 2413 2060 2452 eo
2090 2398 2306 2452 scilicet

722 2491 868 2558 quod
924 2491 1163 2561 simplici
1213 2491 1418 2544 mentis
1453 2490 1899 2546 consideratione
1934 2490 2176 2544 Verbum
2217 2489 2304 2543 in-

719 2577 1052 2648 telligamus,
1103 2578 1313 2648 absque
1345 2578 1456 2632 illis
1503 2578 1803 2632 involucris
1833 2578 2048 2647 quibus
2077 2577 2301 2648 tegitur;

721 2685 919 2740 nempe
949 2670 1303 2740 proﬁcientes
1330 2669 1402 2723 ab
1420 2685 1488 2723 eo
1513 2668 1661 2738 quod
1689 2677 1775 2723 est
1808 2669 2049 2723 Verbum
2076 2685 2302 2724 carnem

718 2777 1072 2830 cognoscere,
1103 2762 1172 2816 ad
1216 2763 1336 2833 ejus
1365 2761 1598 2831 gloriam
1638 2761 1794 2830 quasi
1830 2760 2112 2831 Unigeniti
2140 2777 2170 2815 a
2196 2761 2303 2817 Pa-

719 2864 803 2908 tre
842 2855 907 2909 “'.
1865 2902 1867 2904 _

787 2947 878 3001 62.
908 2946 1013 3013 Qui
1044 2946 1214 3000 vitam
1243 2962 1368 3016 qua:
1421 2955 1512 3001 est
1560 2946 1613 3000 in
1657 2944 1886 3000 Christo
1945 2942 2222 3006 instituit,
2256 2943 2304 2997 is

717 3050 836 3096 tum
865 3039 1080 3109 legalis,
1112 3047 1230 3092 tum
1263 3038 1534 3092 naturalis
1559 3037 1786 3107 justitia:
1821 3045 1995 3090 metas
2027 3034 2299 3098 excessit;

2410 1848 2492 1911 είς
2523 1847 2836 1901 θεοσέϐειαν
2868 1849 3179 1920 προσϐολὴν
3207 1850 3530 1921 ὁμιλοῦμεν.
3557 1851 3716 1906 Κατὰ
3748 1853 3914 1922 μέρος
3940 1852 4000 1904 δὲ

2409 1936 2832 2007 προσϐαίνοντες
2853 1938 2934 2009 τῷ
2957 1940 3254 2010 πνεύματι,
3293 1943 3388 1995 καὶ
3412 1943 3474 1995 τὸ
3502 1944 3651 2013 παχὺ
3685 1945 3800 1996 τῶν
3825 1941 4010 2012 (imm?

2405 2046 2514 2082 των
2553 2032 2667 2093 τοῖς
2718 2030 3070 2102 λεπτοτέροις
3121 2035 3477 2104 θεωρήμασιν
3525 2036 3878 2100 άποξέοντες,
3939 2037 4001 2087 ἐν

2407 2121 2635 2194 καθαρῷ
2665 2122 2923 2194 καθαρῶς
2949 2124 3030 2193 τῷ
3059 2124 3282 2196 Χριστῷ
3315 2127 3585 2197 γινόμεθα
3631 2128 3774 2180 κατὰ
3803 2129 3867 2180 τὸ
3904 2129 4002 2180 δυ-

2405 2213 2566 2266 νατὸν
2592 2212 2904 2283 ἀνθρώποις
2932 2229 2946 2242 ·
2975 2217 3053 2278 εἰς
3083 2215 3144 2268 τὸ
3187 2215 3450 2270 δύνασθαι
3487 2218 3670 2286 λέγειν
3715 2218 3859 2271 κατὰ
3902 2219 4000 2271 vim

2419 2304 2740 2358 Ἀπόστολον
2773 2324 2786 2336 ο
2818 2308 2898 2370 ΕΙ,
2935 2307 3034 2360 καὶ
3071 2307 3416 2376 ἐγνώκαμεν
3447 2309 3597 2362 κατὰ
3625 2308 3826 2377 σάρκα
3859 2310 4001 2377 Xpl-

2405 2395 2577 2457 στὸν,
2637 2395 2801 2451 ἀλλὰ
2854 2396 2975 2451 νῦν
3024 2398 3227 2452 οὐκέτι
3284 2398 3694 2468 γινώσκομεν·
3751 2399 3844 2452 διὰ
3894 2401 4001 2466 τὴν

2407 2486 2589 2556 ἁπλῆν
2613 2487 2858 2559 δηλονότι
2890 2489 3028 2559 πρὸς
3059 2489 3150 2544 τὸν
3173 2490 3346 2560 Λόγον
3381 2491 3554 2562 χωρὶς
3586 2490 3696 2543 τῶν
3730 2492 3815 2543 ἐπ’
3845 2491 4004 2560 αὐτῷ

2405 2581 2782 2651 καλυμμάτων
2815 2580 2911 2635 τοῦ
2948 2581 3068 2645 νοὸς
3125 2583 3434 2652 προσϐολήν
3469 2601 3484 2616 ο
3525 2583 3635 2636 ἀπὸ
3680 2583 3774 2636 τοῦ
3815 2584 4004 2650 σάρκα

2403 2672 2494 2725 τὸν
2525 2673 2697 2740 Λόγον
2717 2671 3034 2740 γινώσκειν,
3069 2675 3152 2739 εἰς
3185 2675 3304 2745 τὴν,
3336 2674 3415 2738 ὡς
3449 2675 3792 2744 Μονογενοῦς
3843 2676 4004 2744 παρα

2406 2763 2619 2831 Πατρδς
2647 2764 2816 2817 αὑτοῦ
2851 2763 3011 2829 δόξαν
3035 2766 3431 2836 προκόψαντες.

2478 2935 2575 3006 ξδ’.
2619 2937 2676 2992 '0
2705 2937 2805 3009 τὴν
2847 2939 2906 2992 ἐν
2960 2940 3180 3011 Χριστῷ
3228 2941 3402 3012 ζήσας
3451 2942 3618 3014 ζωὴν,
3646 2945 3749 3014 τήν
3788 2961 3850 2997 τε
3897 2945 4004 2998 τοῦ

2403 3027 2571 3107 νόμου
2597 3029 2694 3082 καὶ
2726 3029 2826 3099 τῆς
2856 3030 3074 3098 φύσεως
3108 3031 3355 3102 ὑπερέϐη
3385 3032 3738 3104 δικαιοσύνην
3764 3052 3777 3064 ·
3809 3037 3952 3105 ὅπερ
3973 3040 4007 3090 ὁ

713 3133 862 3202 quod
896 3132 1120 3186 divinus
1168 3125 1463 3199 Apostolus
1498 3129 1651 3185 hisce
1701 3129 1888 3207 verbis
1933 3126 2298 3197 signiﬁcavit:

2411 3123 2554 3186 θεῖος
2599 3124 3010 3196 ἐνδεικνύμενος
3056 3128 3377 3192 Ἀπόστολός
3434 3147 3601 3199 φησιν
3631 3145 3646 3159 ·
3716 3133 3820 3184 Ἐν
3886 3133 4007 3200 τήν

714 3221 778 3275 In
810 3221 1018 3277 Christo
1046 3221 1170 3275 Jcsu
1211 3237 1378 3290 neque
1407 3219 1738 3276 "circumcisio
1765 3227 1862 3283 est,
1899 3234 2065 3288 neque
2093 3233 2304 3287 praepu—

715 3314 941 3377 tium";
995 3313 1443 3368 circumcisionis
1479 3297 1725 3382 quidem
1774 3298 2022 3373 nomine,
2071 3309 2302 3379 legalem

712 3404 986 3474 justitiam
1029 3404 1349 3470 declarans;
1384 3405 1642 3475 praeputii
1674 3418 1831 3469 vero,
1869 3401 2304 3472 aequabilitatem

715 3505 930 3550 natura:
965 3497 1389 3551 convenientem
1421 3496 1804 3551 subindicans.

785 3589 872 3642 65.
904 3587 1009 3642 Alii
1052 3605 1118 3642 ex
1152 3604 1295 3659 aqua
1343 3595 1400 3644 et
1438 3588 1640 3658 spiritu
1689 3597 2082 3650 renascuntur;
2120 3585 2214 3640 alii
2246 3584 2304 3640 in

716 3677 930 3747 Spiritu
962 3690 1154 3734 sancto
1169 3689 1225 3734 et
1247 3679 1374 3750 igne
1407 3679 1681 3748 baptisma
1706 3677 2100 3747 suscipiunt".
2131 3677 2306 3731 Porro

714 3778 954 3840 quatuor
986 3771 1123 3836 haic,
1156 3787 1355 3842 aquam
1389 3772 1605 3828 scilicet
1631 3780 1689 3826 et
1731 3770 1990 3841 spiritum
2018 3779 2078 3826 et
2118 3770 2300 3840 ignem

713 3871 770 3915 et
798 3860 1067 3930 Spiritum
1105 3871 1382 3926 sanctum,
1420 3878 1595 3916 unum
1627 3860 1995 3931 eumdemque
2028 3860 2298 3930 Spiritum

715 3949 811 4005 Dei
842 3950 1111 4022 intelligo.
1161 3952 1300 4008 Aliis
1347 3967 1586 4022 namque
1618 3951 1856 4022 Spiritus
1883 3959 2112 4009 sanctus
2139 3967 2296 4029 aqua

713 4053 818 4104 est,
851 4043 1000 4097 velut
1029 4044 1122 4113 qui
1171 4045 1420 4100 exterius
1469 4045 1664 4100 sordes
1708 4045 1964 4114 corporis
2013 4039 2304 4115 detergere

713 4132 950 4197 habeat;
987 4133 1113 4188 aliis
1146 4149 1280 4188 vero
1309 4134 1659 4189 solummodo
1691 4135 1943 4204 spiritus,
1973 4140 2042 4186 ut
2067 4131 2162 4203 qui
2189 4133 2305 4186 vir-

713 4223 849 4276 tutis
891 4223 1032 4277 bona
1064 4224 1116 4277 vi
1152 4240 1250 4278 sua
1280 4225 1518 4292 eliiciat;
1547 4226 1673 4280 aliis
1707 4233 1892 4280 autem
1931 4225 2097 4295 ignis,
2126 4225 2302 4294 utqui

713 4315 864 4368 intus
895 4315 1012 4384 ipso
1045 4316 1218 4370 animi
1251 4317 1377 4370 sinu
1409 4317 1686 4372 hairentes
1726 4317 1924 4372 sordes
1958 4303 2303 4371 emundandi

710 4406 765 4458 vi
799 4407 1005 4475 polleat
1045 4426 1055 4459 :
1085 4407 1154 4462 iis
1185 4407 1427 4478 denique
1455 4410 1549 4478 qui
1574 4425 1834 4480 magnum
1868 4410 2154 4464 Danielem
2179 4423 2302 4464 mo-

713 4496 871 4550 ribus
915 4496 1180 4560 referant,
1214 4496 1457 4567 Spiritus
1485 4507 1726 4562 sanctus,
1753 4506 1816 4552 ut
1847 4497 1942 4566 qui
1974 4497 2300 4567 sapientiam

711 4601 777 4640 ac
812 4587 1101 4642 scientiam
1131 4588 1536 4643 subministret.
1579 4591 1658 4643 Ex
1696 4589 1916 4643 diversa
1950 4589 2100 4643 enim
2154 4589 2301 4644 circa

712 4678 1020 4748 subjectum
1065 4682 1388 4749 operatione
1421 4721 1435 4744 ,
1494 4681 1631 4736 alias
1662 4682 1913 4751 aliasque
1943 4696 2088 4735 unus
2136 4690 2302 4751 atque

712 4770 861 4825 idem
897 4771 1136 4840 Spiritus
1157 4773 1389 4827 sortitur
1419 4773 1835 4843 appellationes.

779 4865 869 4921 64.
906 4867 982 4920 Ea
1013 4868 1102 4922 lex
1149 4868 1364 4922 ratione
1399 4866 1704 4922 Sabbatum
1746 4864 2044 4929 concessit,
2079 4864 2165 4925 Ut,
2211 4862 2298 4916 in-

710 4958 850 5030 quit,
879 4960 1170 5028 requiescat
1209 4960 1515 5028 jumentum
1566 4970 1716 5012 tuum
1770 4968 1819 5012 et
1857 4973 2036 5012 serrus
2080 4964 2201 5008 tuus
2226 4953 2293 5006 “.

712 5046 887 5102 Porro
911 5049 1076 5104 ambo
1101 5049 1220 5104 haec
1239 5050 1537 5104 verborum
1567 5050 1804 5119 quadam
1833 5048 2064 5117 ambage
2091 5048 2296 5103 obscu-

711 5137 872 5206 rique
924 5138 1198 5193 sermonis
1253 5139 1642 5208 perplexitate.
1701 5153 1906 5208 corpus
1959 5136 2295 5207 signiﬁcant.

642 5215 644 5217 ’
711 5225 926 5296 Corpus
965 5228 1114 5281 enim
1154 5230 1462 5300 jumcntum
1498 5239 1585 5284 est
1635 5229 1805 5283 animi
1847 5228 2084 5283 colentis
2120 5228 2298 5282 actio-

714 5335 861 5383 nem,
892 5319 1040 5388 quod
1068 5320 1328 5374 nimirum
1358 5332 1617 5390 tanquam
1640 5335 1805 5382 onus,
1823 5319 2093 5374 virtutum
2117 5318 2298 5372 modis

713 5426 810 5475 per
837 5411 1137 5471 actionem,
1165 5412 1218 5464 vi
1249 5421 1468 5481 portare
1499 5420 1750 5483 cogatur.
1778 5411 1911 5481 Ejus
1941 5427 2074 5464 vero
2102 5425 2298 5465 servus

714 5502 807 5570 qui
837 5501 1023 5557 studet
1075 5503 1572 5574 contemplationi,
1617 5503 1774 5558 velut
1801 5503 1914 5573 jam
1944 5501 2294 5572 spiritalibus

2403 3215 2638 3280 Χριστῷ
2675 3217 2891 3283 Ἰησοῦ,
2917 3219 3056 3272 οὔτε
3089 3220 3376 3288 περιτομή
3402 3221 3576 3276 ἐστιν
3597 3264 3611 3284 ,
3637 3225 3776 3277 οὔτε
3811 3225 4004 3290 ἀκρο-

2405 3307 2639 3361 ϐυστία.
2671 3308 2772 3360 Διὰ
2805 3308 2906 3378 μὲν
2927 3310 3029 3378 τῆς
3055 3315 3380 3383 περιτομῆς,
3399 3313 3497 3383 τὴν
3527 3315 3761 3384 νομικὴν
3782 3316 4007 3368 δικαιο-

2406 3398 2574 3469 σύνην
2610 3398 2859 3470 δηλώσας
2884 3418 2898 3432 ”
2942 3401 3032 3454 διὰ
3082 3401 3140 3455 δὲ
3182 3403 3282 3473 τῆς
3311 3405 3718 3474 ἀκροϐυστίας,
3748 3408 3850 3475 τὴν
3891 3426 4007 3477 ςυ-

2406 3489 2566 3560 σικὴν
2599 3492 2875 3560 ἰσονομίαν
2900 3493 3266 3562 αἰνιξάμενος.

2476 3579 2578 3649 ξγ’.
2615 3583 2682 3635 0i.
2710 3583 2830 3654 μὲν,
2864 3583 2932 3636 δι’
2967 3583 3162 3647 ὓδατος
3189 3585 3595 3653 ἀναγεννῶνται
3619 3590 3715 3642 καὶ
3743 3590 4007 3661 πνεῦμα-

2404 3686 2495 3728 τος
2521 3687 2534 3701 ·
2570 3674 2621 3726 οἱ
2649 3672 2730 3734 δὲ,
2770 3674 2829 3726 ἑν
2867 3674 3146 3746 πνεύματι
3194 3677 3337 3747 άγῐῳ
3375 3679 3467 3730 καὶ
3521 3679 3657 3748 πυρὶ
3686 3679 3752 3732 τδ
3800 3681 4008 3749 βάπτιο

2407 3780 2522 3833 σμα
2552 3764 2824 3834 δέχονται.
2866 3765 2948 3820 Τὰ
2993 3768 3238 3839 τέσσαρα
3287 3769 3346 3822 δὲ
3395 3769 3589 3832 ταῦτα,
3628 3771 3690 3824 τὸ
3744 3771 3897 3842 ὕδωρ
3940 3773 4010 3829 τὲ

2407 3873 2574 3928 φημι,
2599 3857 2697 3912 καὶ
2733 3858 2796 3911 τὸ
2839 3858 3078 3930 πνεῦμα,
3112 3861 3210 3914 καὶ
3259 3861 3320 3914 τὸ
3363 3861 3498 3932 πῦρ,
3538 3863 3635 3915 καὶ
3668 3864 3731 3916 τὸ
3778 3867 4010 3934 πνεῦμα

2406 3946 2582 4013 ἅγιον,
2612 3947 2675 4001 τὸ
2701 3947 2761 4001 ἓν
2781 3948 2877 4002 καὶ
2909 3948 2971 4002 τὸ
2995 3950 3130 4003 αὐτὸ
3153 3951 3378 4020 Πνεῦμα
3417 3953 3525 4005 νοῶ
3549 3954 3646 4006 τοῦ
3670 3953 3836 4010 Θεοῦ,
3876 3960 4008 4025 τοῖς

2408 4038 2508 4107 μὲν
2529 4037 2639 4109 γὰρ
2670 4038 2818 4108 ὕδωρ
2861 4039 2980 4092 ἐστὶ
3006 4039 3068 4093 τὸ
3107 4039 3332 4110 Πνεῦμα
3365 4042 3425 4095 τὸ
3473 4044 3650 4110 ἅγιον,
3686 4043 3766 4106 ὡς
3799 4047 4010 4114 ῥυπτι-

2406 4131 2502 4184 κὸν
2542 4131 2652 4184 τῶν
2704 4130 2860 4193 ἐκτὸς
2912 4133 3042 4201 περὶ
3084 4133 3147 4186 τὸ
3202 4133 3363 4202 σῶμα
3405 4134 3702 4204 μολυσμῶν
3736 4151 3750 4164 ·
3780 4138 3899 4200 τοῖς
3949 4137 4010 4190 δὲ

2408 4223 2624 4292 πνεῦμα
2647 4222 2828 4292 μόνον,
2867 4224 2944 4286 ώς
2970 4225 3322 4295 ἐνεργητικὸν
3342 4226 3453 4278 τῶν
3481 4229 3602 4279 κατ’
3626 4229 3843 4299 ἀρετὴν
3871 4232 4008 4298 άγα·

2406 4312 2536 4366 θῶψ
2569 4316 2681 4377 τοῖς
2707 4313 2763 4367 δὲ
2795 4313 2928 4386 πῦρ,
2959 4315 3037 4378 ὡς
3069 4315 3406 4387 καθαρτικὸν
3430 4317 3540 4370 τῶν
3572 4319 3728 4379 ἐντὸς
3759 4321 3911 4374 κατὰ
3941 4322 4006 4373 τδ

2409 4404 2571 4475 βάθος
2593 4406 2724 4476 περὶ
2749 4405 2932 4477 ψυχὴν
2963 4406 3198 4477 κηλίδων
3230 4425 3244 4440 ·
3273 4411 3387 4472 τοίς
3409 4409 3466 4462 δὲ
3502 4409 3646 4462 κατὰ
3681 4411 3778 4463 τὸν
3816 4413 4006 4481 μέγαν

2405 4496 2624 4569 Δανιὴλ,
2664 4499 2882 4568 πνεῦμα
2910 4500 3085 4566 ἅγιον,
3106 4500 3185 4562 ὡς
3221 4501 3415 4568 σοφίας
3452 4501 3547 4552 καὶ
3574 4500 3842 4568 γνώσεως
3867 4522 4006 4573 χορ-

2406 4587 2562 4656 ηγόν.
2613 4588 2708 4640 Ἐκ
2747 4587 2856 4659 γάρ
2877 4589 2978 4658 τῆς
3007 4588 3264 4658 διαφόρου
3314 4589 3444 4658 περὶ
3489 4589 3552 4641 τὸ
3613 4592 4000 4662 ὑποκείμενον

2407 4676 2711 4747 ἐνεργείας,
2731 4676 3022 4748 διαφόρους
3052 4676 3323 4748 λαμϐάνει
3351 4677 3411 4730 τὸ
3435 4677 3492 4729 ἓν
3519 4679 3614 4730 καὶ
3650 4679 3790 4732 αὐτὸ
3822 4681 4007 4734 Πνεῦ-

2409 4789 2485 4840 μα
2517 4771 2615 4834 τὰς
2637 4771 3028 4841 προσηγορίας.

2478 4860 2572 4926 ξδ’.
2614 4861 2672 4913 '0
2698 4861 2862 4931 νόμος
2904 4861 2965 4913 τὸ
2998 4859 3278 4914 Σάϐϐατον
3323 4861 3577 4923 δέδωκεν,
3605 4861 3766 4924 Ἵνα,
3803 4863 4007 4932 φησιν,

2399 4954 2824 5020 ἀναπαὺσηται
2853 4954 2918 5006 τὸ
2948 4951 3268 5021 ὑποζύγιόν
3314 4969 3430 5008 σου
3459 4954 3557 5007 καὶ
3599 4956 3632 5007 ὀ
3664 4953 3813 5020 παῖς
3853 4971 4004 5007 σου.

2413 5042 2722 5112 Ἀμφότερα
2745 5043 2802 5096 δὲ
2832 5041 3006 5095 ταῦτα
3029 5043 3098 5096 δι’
3129 5044 3472 5111 αἰνιγμάτων
3494 5044 3557 5096 τὸ
3589 5044 3756 5113 σῶμα
3799 5044 4002 5112 δηλοῦ-

2403 5151 2476 5187 σι.
2511 5133 2616 5186 Τοῦ
2637 5134 2744 5203 γὰρ
2770 5133 3074 5203 πρακτικοῦ
3096 5134 3213 5198 νοὸς
3246 5133 3540 5201 ὑποζύγιόν
3567 5137 3680 5187 ἐστι
3706 5134 3776 5186 τὸ
3805 5135 4006 5204 σῶμα,

2403 5223 2726 5294 ἀχθοφορεῖν
2794 5222 2886 5292 βία
2954 5225 3066 5286 τοῖς
3126 5224 3349 5295 τρόποις
3389 5225 3497 5277 τῶν
3575 5224 3794 5294 ἀρετῶν
3852 5225 4008 5277 κατὰ

2404 5317 2503 5386 τὴν
2598 5314 2792 5385 πρᾶξιν
2833 5315 3322 5384 ῐάναγκαξόμενον.
3397 5313 3506 5367 Τοῦ
3588 5314 3648 5366 δὲ
3719 5314 4009 5383 θεωρητι-

2406 5408 2503 5461 κοῦ
2558 5410 2706 5470 παῖς,
2741 5405 2816 5470 ὼς
2883 5407 2982 5477 ἤδη
3038 5405 3286 5475 λογισθὲν
3343 5405 3693 5477 θεωρήμασι,
3757 5406 3859 5457 καὶ
3909 5406 4008 5458 λο-

2405 5498 2577 5567 γικῶς
2603 5501 2723 5560 ταῖς
2754 5499 3084 5571 γνωπικαῖς
3112 5499 3398 5566 ἐπιταγαῖς
3444 5498 3540 5550 τοῦ
3594 5497 3721 5559 νοὸς
3784 5497 4007 5568 ὑπηρε-

762 5699 834 5799 2ξ¹
872 5699 917 5755 ll
947 5700 1074 5756 Cor.
1104 5719 1156 5768 v,
1212 5703 1295 5758 l6.
1379 5703 1419 5735 "
1446 5702 1602 5758 Joan.
1643 5720 1682 5768 ι,
1725 5703 1810 5757 li.
1891 5705 1932 5736 "
2009 5702 2184 5759 Galat.
2227 5718 2299 5769 vi,

2406 5703 2441 5757 ἲ.
2537 5704 2583 5734 ’⁸
2617 5701 2810 5757 .‘llatth.
2845 5716 2923 5766 ιιι,
2979 5702 3074 5770 ll;
3112 5701 3268 5758 Joan.
3307 5717 3383 5767 ιιι,
3412 5701 3466 5756 5.
3546 5704 3586 5734 ²¹
3618 5702 3799 5757 Exod.
3837 5719 4003 5768 uixi.
