4192 6436
213 410 344 477 1153

1016 407 1355 469 CAPITUM
1392 405 1665 467 THEOL.
1706 404 1800 465 ET
1840 403 2077 465 (ECON.
2117 403 2504 468 CENTURIA
2542 407 2625 468 ΙΙ.

3333 411 3472 477 1154

208 520 486 589 τούμενον.
528 517 884 588 Ἀμφοτέροις
918 514 977 568 δὲ
1013 514 1290 568 Σάϐϐατόν
1311 514 1446 574 ἔστι,
1471 511 1580 563 τῶν
1603 509 1784 571 αὑτοῖς

1891 509 2071 564 sensis
2106 510 2321 564 ratione
2373 509 2669 576 imbutum,
2705 524 2884 582 exque
2932 526 3026 579 ea,
3085 511 3285 582 quibus
3316 528 3473 569 mens

208 609 615 680 ἐνεργουμένων
655 608 800 661 κατά
826 624 886 659 τε
916 604 1115 676 πρᾶξιν
1157 603 1252 656 καὶ
1285 602 1519 672 θεωρίαν
1580 598 1782 662 καλῶν,

206 704 266 755 τὸ
291 704 501 770 πέρας,
565 699 664 771 τὴν
720 699 1030 770 πρόσφορον
1077 694 1296 764 ἑκάστῳ
1355 692 1595 765 παρέχον
1655 691 1785 744 ἀνά-

206 810 425 847 παυσιν.

279 974 333 1038 ξε
355 1013 368 1025 .
413 974 470 1025 Ὀ
496 972 595 1041 τὴν
626 969 826 1040 ἀρετὴν
861 969 998 1039 μετὰ
1041 969 1140 1038 τῆς
1179 966 1498 1038 πρεπούσης
1531 964 1783 1033 γνώσεως

205 1063 466 1129 ἐξανύων,
509 1060 805 1128 ὑποζύγιον
859 1060 973 1128 ἔχει
1008 1059 1068 1110 τὸ
1130 1058 1308 1127 σῶμα,
1342 1056 1485 1126 λόγῳ
1543 1054 1785 1106 ἐλαύνων

207 1155 345 1223 πρὸς
376 1153 471 1223 τὴν
504 1151 611 1205 τῶν
647 1150 1004 1221 καθηκόντων
1029 1148 1315 1217 ἐνέργειαν
1349 1162 1362 1174 ·
1399 1145 1565 1198 παῖδα
1591 1144 1667 1206 δὲ,
1693 1143 1784 1194 τὸν

207 1245 295 1297 ἐπ’
321 1246 489 1314 ἀρετῇ
524 1242 667 1295 κατὰ
687 1242 785 1312 τὴν
812 1240 1018 1312 πρᾶξιν,
1036 1241 1237 1311 τρόπον
1268 1254 1280 1267 ⁴
1310 1238 1478 1308 ἤγουν
1505 1235 1669 1290 αὐτὴν
1694 1234 1783 1287 τὸν

205 1337 331 1390 καθ’
354 1337 412 1387 ὂν
457 1338 489 1404 ἠ
539 1335 709 1405 ἁρετὴ
758 1334 968 1402 πέφυκε
1025 1332 1270 1400 γίνεσθαι
1321 1330 1520 1396 τρόπον
1551 1344 1563 1356 ·
1594 1325 1784 1394 ὥσπερ

205 1430 456 1498 ἀργυρίῳ
490 1431 599 1490 τοῖς
631 1428 987 1495 διακριτικοῖς
1015 1423 1293 1493 ὠνηθέντα
1327 1423 1626 1490 λογισμοῖς.
1649 1418 1786 1473 Σάϐ-

204 1522 369 1574 6ατον
398 1521 475 1582 δὲ,
505 1522 538 1588 ἡ
563 1520 685 1572 κατ’
712 1517 916 1589 ἀρετὴν
955 1516 1170 1585 ἀπαθὴς
1202 1515 1294 1567 καὶ
1325 1514 1579 1584 είρηναία
1605 1513 1704 1582 τῆς
1723 1530 1784 1564 τε

202 1613 385 1682 ψυχῆς
432 1612 526 1664 καὶ⁵
561 1611 657 1663 τοῦ
720 1611 971 1680 σώματος
1028 1610 1383 1669 κατάστασις,
1409 1605 1574 1675 ἤγουν
1626 1604 1787 1659 ἀναλ-

203 1703 425 1763 λοίωτος
457 1701 591 1764 ἕξις.

278 1792 385 1858 ξςῖ
429 1794 485 1845 ’0
514 1793 609 1845 τοῦ
635 1790 771 1844 Θεοῦ
800 1792 977 1857 λόγος,
1009 1790 1120 1852 τοῖς
1150 1788 1247 1858 μὲν
1281 1788 1361 1841 ἔτι
1403 1789 1533 1859 περὶ
1577 1787 1645 1840 τὰ
1679 1804 1787 1839 σω-

208 1884 416 1956 ματικὰ
444 1886 544 1953 τῆς
570 1883 771 1952 ἀρετῆς
801 1882 914 1953 είδη
943 1882 1005 1934 τὸ
1034 1880 1197 1934 πλέον
1228 1879 1408 1950 έχουσι
1429 1884 1527 1950 τῆς
1568 1879 1786 1949 φροντί-

205 1979 313 2039 δος,
352 1977 555 2045 ἄχυρον
584 1975 794 2042 γίνεται
827 1974 923 2027 καὶ
971 1974 1164 2045 χόρτος
1200 1990 1214 2003 ⁸
1249 1972 1557 2044 διατρέφων
1607 1971 1785 2023 αὑτῶν

205 2072 267 2122 τὸ
290 2069 587 2137 παθητικὸν
620 2067 721 2136 τῆς
749 2066 929 2136 ψυχῆς
968 2066 1155 2136 μέρος,
1189 2065 1325 2136 πρὸς
1364 2067 1465 2134 τὴν
1506 2064 1614 2117 τῶν
1659 2066 1787 2134 ἁρε-

204 2158 316 2209 τῶν
346 2156 651 2227 ὑπηρεσίαν
677 2174 692 2188 ·
723 2158 836 2218 τοῖς
882 2156 1213 2226 ἀνηγμένοις
1262 2155 1317 2208 δὲ
1351 2157 1416 2223 τῇ
1447 2153 1649 2222 θεωρίᾳ
1688 2153 1787 2221 τῆς

206 2234 443 2321 ὰὶηθοῦς
476 2250 582 2303 τῶν
611 2248 771 2302 θείων
809 2251 1215 2319 κατανοήσεως,
1249 2248 1397 2301 ἔστιν
1456 2247 1619 2316 ἄρτος
1674 2244 1787 2296 δια-

204 2342 423 2413 τρέφων
455 2342 636 2394 αὑτῶν
657 2344 756 2410 τῆς
781 2341 961 2410 ψυχῆς
992 2341 1051 2393 τὸ
1080 2341 1265 2411 νοερὸν
1290 2340 1424 2407 πρὸς
1455 2336 1661 2405 θεοειδῆ
1699 2352 1788 2387 τε·-

206 2433 479 2502 λειότητα.
517 2433 606 2484 Διὸ
632 2432 758 2493 τοὺς
807 2432 1152 2502 πατριάρχας
1195 2429 1520 2497 εὑρίσκομεν
1557 2431 1787 2480 ἐπισιτι-

207 2526 470 2597 ζομένους
500 2528 555 2577 ἐν
585 2527 648 2595 τῇ
678 2524 780 2593 ὁδῷ
807 2563 821 2587 ,
855 2525 949 2575 καὶ
1001 2524 1214 2584 ἑαυτοῖς
1262 2524 1459 2592 ἄρτους
1488 2560 1502 2584 ,
1547 2520 1641 2573 καὶ
1674 2522 1786 2581 τοῖς

206 2619 350 2680 ὄνοις
377 2616 554 2669 αὐτῶν
586 2617 957 2687 χορτάσματα.
1001 2614 1107 2665 Καὶ
1145 2616 1171 2665 ὁ
1204 2617 1261 2665 ἐν
1290 2616 1401 2675 τοῖς
1444 2614 1674 2682 Κριταίς
1732 2612 1788 2663 δὲ

208 2715 466 2781 Λευῒτης,
504 2710 581 2779 τῷ
618 2713 674 2762 ἐν
722 2707 911 2777 Γαϐαᾷ
960 2703 1420 2775 ξεναγήσαντιίθ)
1453 2704 1613 2756 αὑτὸν
1661 2722 1789 2774 πρε·

210 2802 384 2875 σ6ύτῃ
418 2802 582 2871 φησίν
609 2818 623 2831 ο
659 2799 793 2852 Εἰσὶ
824 2800 919 2851 καὶ
946 2795 1089 2865 ἡμῖν
1122 2796 1307 2863 ἄρτοι,
1345 2795 1442 2849 καὶ
1476 2795 1597 2859 τοῖς
1625 2794 1786 2859 ὄνοις

207 2893 377 2962 ἡμῶν
404 2892 597 2959 ἄχυρα
626 2907 637 2919 ·
666 2890 760 2943 καί
787 2890 897 2943 οὐκ
927 2889 1098 2940 ἐστιν
1120 2885 1428 2953 ὑστέρημα
1461 2884 1583 2951 τοῖς
1611 2884 1789 2937 παισί

205 3001 347 3047 σου,
366 2999 475 3035 παι
488 2983 589 3047 τός
608 2997 790 3044 τινος.

1886 600 2170 670 sapienter
2198 600 2472 671 praecipit,
2528 618 2740 656 morem
2786 619 3005 674 gerens.
3046 604 3350 659 Amborum
3376 620 3475 658 au-

1887 699 1996 746 tem
2029 691 2327 747 Sabbatum
2372 692 2499 747 ﬁnis
2528 701 2633 759 est,
2665 693 2734 747 ab
2779 696 2846 749 iis
2886 695 3068 761 bonis,
3096 695 3302 766 quibus
3352 694 3473 751 sive

1884 785 2121 850 actione,
2144 786 2261 839 sive
2293 785 2759 853 contemplatione
2783 786 3108 857 funguntur,
3137 774 3473 843 convenien-

1886 880 1995 929 tem
2022 875 2321 943 unicuique
2356 875 2604 944 requiem
2636 877 2915 947 praebens.

1957 967 2045 1021 65.
2081 966 2185 1032 Qui
2234 968 2585 1021 convenienti
2630 968 2865 1023 scientia
2897 969 3224 1025 ‘instruetus
3263 971 3472 1025 virtute

1884 1058 2225 1129 defungitur,
2249 1073 2451 1127 corpus
2482 1061 2797 1129 jumentum
2831 1060 2992 1131 500
3046 1062 3233 1126 habet,
3280 1062 3463 1132 ipsum

1884 1152 2096 1205 ratione
2130 1149 2418 1219 impellens
2441 1150 2509 1204 ad
2533 1165 2596 1204 ea
2630 1152 2958 1219 prazstanda,
2983 1168 3104 1221 quae
3123 1151 3285 1206 cilicii
3318 1158 3470 1217 sunt;

1885 1258 2107 1299 servum
2136 1253 2340 1305 autem,
2384 1244 2478 1313 qui
2512 1244 2565 1297 in
2594 1245 2799 1299 virtute
2830 1254 2914 1299 est
2945 1247 3181 1300 actionis
3208 1244 3469 1300 modum:

1886 1334 2085 1405 ipsum'
2116 1336 2378 1389 nimirum
2435 1336 2689 1400 modum,
2725 1352 2835 1405 quo
2866 1337 3057 1391 virtuti
3086 1344 3471 1407 comparatum

1888 1433 1948 1479 ut
1970 1426 2258 1492 cllieiatur,
2289 1425 2443 1479 velut
2477 1426 2732 1495 pecunia,
2766 1427 3121 1481 discretionis
3159 1429 3471 1497 rationibus

1886 1526 2220 1587 coemptum.
2265 1516 2567 1571 Sabbatum
2606 1533 2760 1582 vero,
2807 1519 3140 1588 tranquillus
3164 1528 3250 1572 est
3277 1534 3341 1574 ac
3372 1535 3472 1590 pa-

1887 1619 2044 1664 catus
2075 1610 2245 1663 animi
2280 1612 2638 1680 corporisque
2666 1611 2890 1666 virtutis
2910 1612 3063 1665 cultu
3092 1620 3299 1677 status;
3332 1627 3462 1666 con-

1887 1709 2039 1756 stans
2058 1700 2269 1755 scilicet
2298 1717 2361 1756 ac
2394 1702 2696 1756 immobilis
2727 1702 2970 1755 habitus.

1958 1793 2045 1847 66.
2081 1793 2311 1846 Divinus
2338 1808 2541 1857 sermo,
2569 1792 2768 1862 hisqui
2794 1792 2976 1846 adhuc
3002 1793 3264 1862 majorem
3297 1792 3466 1847 studii

1888 1893 2102 1956 partem
2152 1893 2319 1953 atque
2369 1900 2596 1955 operam
2654 1885 2802 1939 eirea
2842 1885 3115 1938 virtutum
3160 1884 3469 1953 corporalia

1886 1991 2090 2047 genera
2134 1975 2426 2040 collocant,
2465 1977 2619 2044 palea
2664 1975 2883 2029 videtur
2914 1990 2977 2030 ac
3014 1974 3225 2044 fenum,
3274 1989 3470 2028 eorum

1887 2066 2056 2121 animi
2109 2075 2323 2136 partem
2392 2066 2683 2120 affectibus
2728 2065 3023 2119 obnoxiam
3079 2075 3136 2119 et
3184 2064 3471 2134 patibilem

1890 2157 2245 2227 (sentientem
2275 2157 2488 2211 scilicet
2524 2156 2804 2226 allectum)
2842 2156 3111 2210 virtutum
3163 2154 3473 2209 ministerio

1886 2247 2254 2309 laborantem,
2314 2246 2498 2311 alens;
2544 2246 2614 2300 iis
2644 2254 2829 2299 autem
2866 2244 2959 2314 qui
2991 2260 3121 2299 vera
3148 2243 3467 2298 divinarum

1887 2353 2072 2393 rerum
2128 2338 2427 2407 solertique
2488 2336 2959 2406 contemplatione
3006 2335 3251 2405 provecti
3294 2343 3471 2401 sunt,

1888 2431 2049 2500 panis
2082 2437 2168 2484 est
2194 2471 2208 2494 ,
2267 2430 2488 2484 illorum
2519 2440 2759 2485 mentem
2809 2428 2876 2482 ad
2908 2428 3233 2483 deiformem
3288 2428 3471 2500 perfe-

1888 2524 2124 2579 ctionem
2174 2522 2451 2577 nutriens.
2502 2520 2869 2588 Quamobrem
2918 2522 3084 2574 etiam
3130 2518 3476 2589 patriarchas

1890 2616 1993 2671 iter
2016 2622 2242 2685 agentes
2275 2615 2608 2677 invenimus,
2652 2612 2759 2667 sibi
2795 2612 3004 2681 pariter
3037 2626 3225 2681 panes,
3250 2610 3475 2680 jumen-

1890 2710 2070 2777 tisque
2092 2708 2338 2778 gramina
2383 2716 2548 2776 atque
2578 2705 2778 2775 pabula
2816 2715 3180 2775 congerentes
3209 2703 3274 2755 ¹’.
3318 2702 3377 2757 In
3405 2701 3477 2756 li-

1888 2801 1989 2854 bro
2020 2816 2241 2869 quoque
2266 2798 2541 2861 Judieum,
2578 2799 2655 2852 ait
2701 2796 2921 2851 Levites
2952 2795 3091 2860 seni,
3124 2793 3268 2864 apud
3306 2806 3469 2863 quem
3548 2830 3583 2868 λ

1889 2891 1946 2945 in
1969 2891 2151 2946 Gabaa
2183 2900 2445 2960 acceptus
2474 2888 2716 2957 hospitio
2737 2894 2823 2943 est
2847 2905 2859 2940 :
2887 2886 3021 2941 Sunt
3052 2896 3097 2939 et
3118 2885 3263 2939 nobis
3287 2899 3471 2954 panes,

1889 2993 1938 3038 et
1983 2986 2241 3055 jumentis
2290 2985 2482 3038 nostris
2517 2984 2725 3055 palew;
2777 2982 3031 3054 nullaque
3067 3000 3124 3037 re
3152 2983 3470 3053 indigemus,

1887 3077 2023 3127 servi
2057 3076 2137 3127 tui
2159 3076 2228 3128 “.

284 3158 379 3223 ξς.
426 3159 482 3209 Ὀ
519 3156 614 3209 τοῦ
639 3156 774 3209 Θεοῦ
830 3155 1003 3222 Λόγος
1055 3154 1148 3206 καὶ
1202 3152 1393 3224 δρόσος
1414 3150 1635 3218 λέγεται
1690 3148 1789 3203 καὶ

1957 3161 2044 3215 67.
2078 3162 2305 3216 Divinus
2332 3162 2527 3217 Sermo
2555 3178 2644 3216 ros
2672 3170 2784 3214 tum
2807 3162 3135 3232 appellatur,
3163 3170 3275 3215 tum
3303 3158 3469 3215 etiam

205 3250 361 3301 ἔστιν
388 3264 400 3277 ·
440 3247 533 3299 καὶ
570 3246 714 3316 ὕδωρ
740 3246 832 3299 καὶ
853 3243 1004 3314 πηγὴ
1041 3245 1134 3296 καὶ
1163 3241 1425 3311 ποταμὸς,
1464 3241 1537 3301 ὡς
1583 3241 1786 3311 γέγρα-

208 3357 343 3390 πται
370 3354 383 3366 ·
411 3337 548 3389 κατᾶ
580 3336 674 3406 τὴν
702 3334 1069 3402 ὑποκειμένην
1098 3330 1462 3401 δηλονότιτῶν
1483 3329 1784 3398 δεχομένων

210 3428 463 3495 δύναμιν,
494 3425 666 3476 ταῦτα
691 3425 785 3475 καὶ
810 3422 885 3474 ὢν
921 3422 1013 3473 καὶ
1045 3421 1346 3488 γινόμενος.
1385 3420 1509 3480 Τοῖς
1552 3418 1649 3485 μὲν
1676 3417 1785 3484 γάρ

208 3521 325 3571 ἐστι
352 3518 560 3588 δρόσος,
589 3518 663 3578 ὡς
696 3515 796 3585 τῆς
826 3513 1023 3580 ἔξωθεν
1060 3511 1416 3582 ἐπικειμένης
1438 3511 1622 3571 αὑτοῖς
1653 3508 1785 3577 περὶ

206 3614 272 3666 τὸ
302 3613 461 3681 σῶμα
489 3611 596 3665 τῶν
641 3609 827 3662 παθῶν
885 3605 1182 3679 πυρώσεως
1224 3624 1283 3658 τε
1335 3606 1430 3658 καὶ
1483 3604 1782 3674 ἐνεργείας,

210 3706 516 3766 σῦεστικός.
549 3705 673 3765 Τοῖς
703 3703 757 3755 δὲ
776 3702 837 3753 τὸ
869 3700 1031 3770 βάθος
1062 3699 1139 3768 τῷ
1168 3698 1230 3769 ἰῷ
1261 3699 1358 3768 τῆς
1382 3698 1579 3760 κακίας
1616 3715 1788 3767 φρυα-

211 3799 463 3869 σομένοις
502 3797 614 3869 [Fr.
666 3804 713 3848 el
739 3794 953 3865 quidam
995 3792 1143 3862 Regii
1181 3789 1604 3862 φυσσωμένοις],
1642 3791 1787 3843 ἐστὶν

209 3891 386 3961 ὕδωρ·
438 3891 499 3942 οὑ
553 3888 710 3958 μόνον
745 3888 820 3951 ὡς
870 3886 936 3937 δι’
987 3882 1341 3946 ἀντιπαθείας
1390 3882 1483 3935 τοῦ
1555 3886 1790 3937 ἀντικει-

214 3983 378 4052 μένου
422 3979 746 4048 φθαρτικδς,
798 3976 933 4028 ἀλλὰ
965 3976 1057 4027 καὶ
1102 3974 1177 4036 ὡς
1232 3973 1581 4043 μεταδοτικὸς
1622 3976 1785 4036 ζωτι-

210 4074 317 4141 κῆς
349 4073 484 4142 πρὸς
520 4071 581 4122 τὸ
610 4066 668 4122 εὖ
720 4064 860 4120 εἶναι
906 4066 1208 4133 δυνάμεως.
1236 4065 1390 4135 Πηγὴ
1424 4065 1500 4130 δὲ,
1546 4066 1789 4128 ἀεννάως

210 4163 429 4233 ἔχουσιν
452 4159 860 4221 ἀναϐλύζουσαν
890 4158 989 4227 τὴν
1006 4156 1119 4221 ἕξιν
1155 4156 1253 4226 τῆς
1302 4156 1555 4225 θεωρίας,
1588 4155 1662 4217 ὡς
1696 4173 1787 4208 σο-

211 4253 343 4321 φίας
367 4250 619 4321 χορηγός.
659 4248 904 4318 Ποταμὸς
926 4246 1004 4310 δὲ,
1039 4248 1150 4309 τοῖς
1181 4246 1278 4317 τὴν
1334 4246 1531 4314 εὐσεϐῆ
1564 4246 1658 4297 καὶ
1692 4248 1787 4314 ὀρ-

282 4397 327 4426 ”
352 4393 489 4449 Gen.
516 4407 661 4456 xxiv,
689 4390 778 4443 32.
855 4389 901 4420 "
933 4387 1113 4444 Judic.
1147 4403 1258 4451 xix,
1293 4386 1379 4439 l9.
1455 4384 1502 4415 “
1541 4385 1699 4438 Deut.
1742 4402 1907 4453 xxxn,
1950 4390 2011 4457 2;
2052 4391 2222 4444 Eccli.
2264 4406 2299 4455 ι,
2344 4390 2411 4456 5;

1886 3257 1992 3311 est,
2045 3256 2101 3302 et
2132 3264 2273 3319 aqua
2326 3258 2383 3302 et
2433 3247 2555 3302 fons
2608 3248 2941 3318 fluviusque,
3000 3249 3145 3303 sicut
3195 3248 3473 3316 scriptum

1885 3342 2063 3403 est“;
2118 3340 2211 3409 qui
2268 3356 2464 3409 nempe
2498 3342 2653 3410 juxta
2705 3340 3009 3410 subjectam
3048 3339 3475 3408 suscipientium

1887 3432 1998 3484 vim
2029 3448 2090 3485 ac
2114 3431 2450 3495 facultatem,
2479 3432 2596 3486 hazc
2625 3440 2680 3485 et
2699 3433 2997 3486 exsistatet
3017 3431 3305 3486 efﬁciatur.
3333 3430 3477 3485 Nam

1887 3524 2013 3579 aliis
2040 3521 2263 3591 quidem
2306 3537 2397 3576 ros
2438 3528 2544 3587 est,
2585 3523 2768 3591 utqui
2797 3522 3008 3576 scilicet
3047 3519 3477 3590 exstinguenda,

1890 3612 2037 3685 quod
2084 3612 2192 3666 illis
2217 3611 2465 3667 exterius
2495 3613 2639 3667 circa
2677 3628 2878 3682 corpus
2923 3612 3241 3676 inardescit,
3287 3611 3475 3666 libidi-

1892 3722 2024 3759 num
2058 3704 2312 3758 incendio
2352 3714 2514 3774 atque
2552 3704 2727 3759 fomiti
2758 3720 2852 3759 seu
2885 3704 3191 3774 operationi
3221 3704 3470 3759 exsistat.

1892 3798 1965 3852 lis
1987 3811 2117 3850 vero
2152 3795 2245 3865 qui
2272 3796 2494 3850 malitiae
2529 3811 2743 3850 veneno
2768 3796 2917 3849 intus
2953 3795 3139 3849 animo
3167 3802 3480 3849 exaastuant

1892 3905 1957 3944 ac
1984 3889 2135 3943 velut
2168 3895 2472 3951 torrentur,
2502 3903 2646 3957 aqua
2683 3897 2788 3951 est,
2818 3902 2927 3941 non
2950 3902 3014 3941 ea
3043 3886 3219 3940 solum
3236 3886 3470 3950 ratione,

1891 3980 2038 4049 quod
2064 3996 2161 4048 per
2192 3980 2526 4032 contrariam
2560 3978 2932 4042 affectionem,
2960 3978 3079 4047 ejus
3111 3976 3257 4046 quod
3283 3975 3477 4031 adver-

1890 4080 2045 4124 satur
2079 4069 2386 4139 perimendi
2412 4070 2521 4123 vim
2546 4070 2735 4133 habet,
2756 4069 2852 4124 sed
2883 4069 3027 4138 quod
3061 4070 3228 4122 etiam
3253 4067 3473 4122 vitalem

1890 4162 2207 4217 facultatem
2261 4162 2328 4215 ad
2359 4162 2499 4216 bene
2524 4162 2793 4232 beateque
2832 4160 3128 4215 vivendum
3174 4176 3241 4217 ex
3273 4176 3331 4215 se
3357 4176 3475 4229 pro.

1891 4254 2031 4307 elivc
2072 4254 2297 4323 praebet.
2318 4254 2463 4307 Fons
2496 4263 2680 4309 autem
2704 4294 2718 4319 ,
2754 4253 3092 4323 quibnsjugi
3144 4252 3475 4323 scaturigine

2452 4407 2539 4455 xv,
2580 4390 2646 4455 ὃς
2687 4407 2832 4455 xxiv,
2872 4390 2961 4455 41,
3003 4390 3090 4443 45.

286 4505 363 4575 (g)
418 4502 500 4568 Τῷ
547 4502 616 4556 ἐν
664 4499 868 4575 Γαΰαᾷ
901 4499 1249 4575 {amicam}:
1281 4498 1413 4575 Erat
1465 4498 1522 4549 ὲν
1556 4497 1750 4575 Γαϐαὼ
1776 4515 1789 4528 ο

1896 4502 1996 4575 νήν
2020 4519 2136 4566 σου,
2178 4502 2325 4575 quod
2360 4502 2467 4575 ἀπὸ
2500 4503 2683 4575 κοινῆς
2722 4502 2776 4575 in
2806 4517 2868 4555 ea
2899 4483 3347 4575 suppietum_es_t,
3382 4500 3476 4554 ha-

210 4567 357 4648 ουδ’
392 4572 762 4648 etiam_r_nodo
820 4567 1482 4648 superius__quibusndam_
1522 4571 1791 4648 scripturn

209 4636 321 4709 est,
374 4647 502 4713 eap.‘
567 4643 636 4696 35
672 4636 1248 4713 Lquod—Aestuhlarc.
1286 4639 1369 4713 l_6_,
1446 4636 1659 4713 Σηῆναε
1701 4639 1793 4713 τὸν

208 4706 562 4788 ἥλιον-δέατᾲ
614 4706 975 4788 Γαὸ-αῶ-’Δίιι
1032 4710 1215 4763 Marco
1268 4708 1475 4788 editum
1546 4706 1744 4759 Γαϐαῶ
1776 4723 1789 4736 ⁸

211 4778 316 4841 sed
348 4786 507 4854 plane
542 4782 756 4851 legendi
787 4779 1020 4854 Γαϐαών
1058 4797 1071 4809 ·
1124 4794 1225 4833 nec
1262 4778 1422 4854 aliter
1448 4793 1568 4830 eam
1594 4792 1793 4854 _\_'oeem

208 4859 263 4911 οἱ
294 4845 435 4909 LXX
463 4845 667 4921 aliique
696 4851 976 4915 scribunt;
1002 4857 1197 4918 estque
1231 4848 1363 4901 urbs
1393 4848 1551 4917 longe
1577 4845 1792 4921 diversa

208 4943 247 4981 a
277 4926 485 4985 Gabaa,
522 4916 593 4977 de
621 4937 726 4991 qua
751 4922 843 4975 hic
876 4933 1054 4991 sermo
1088 4916 1200 4982 est;
1237 4916 1559 4991 neeuputcm
1622 4916 1793 4970 Maxi-

210 5012 369 5051 mum
399 4986 728 5049 Gabaon'ct
780 4990 959 5046 Gabaa
1012 4990 1093 5043 sic
1131 4986 1470 5048 confudisse,
1522 4995 1581 5040 ut
1627 5002 1791 5040 unam

207 5084 279 5122 ac
311 5064 561 5120 eamdem
593 5062 782 5116 urbem
806 5061 1097 5130 putaverit.
1134 5059 1376 5130 Utraque
1402 5058 1456 5111 in
1484 5057 1796 5130 tribruABen-

206 5137 391 5207 jamin
420 5136 556 5207 sita;
584 5126 821 5207 Gabaon'
852 5130 1173 5207 metropolis
1210 5126 1554 5207 ﬁei'morum,
1590 5126 1658 5182 50
1683 5136 1795 5207 sta-

209 5197 326 5261 diis
347 5206 416 5259 ab
444 5203 770 5263 Jerusalem,
807 5216 929 5270 quae
960 5202 1015 5254 in
1035 5197 1047 5199 ’
1070 5215 1133 5254 ea
1168 5199 1315 5270 tribu
1351 5198 1626 5267 assignata
1683 5197 1791 5250 fuit

210 5276 427 5330 Levitis
458 5282 514 5327 et
540 5267 959 5327 sacerdotibus:
992 5286 1056 5325 ac
1095 5277 1231 5323 teste
1266 5267 1438 5327 l‘lier.,
1479 5270 1577 5321 Isa.
1610 5283 1793 5331 XXVIII,

208 5348 308 5406 2|,
336 5347 730 5413 interpretatur
759 5341 1129 5413 collis._Gabaa
1157 5356 1288 5413 vero
1311 5339 1492 5413 Saulis
1517 5339 1653 5413 urbs
1672 5338 1793 5413 fuit.

211 5418 327 5470 lsa.
383 5432 437 5474 χ,
483 5407 575 5468 ἒ9.
611 5412 883 5481 Obstupuit
918 5410 1125 5464 Rama:
1181 5409 1363 5465 Gabaa
1394 5407 1589 5462 Saulus
1610 5408 1796 5529 fugit;

216 5487 324 5529 ΙΗιί
376 5486 484 5529 Jnr-
540 5484 620 5529 sic
674 5482 841 5529 refert
877 5498 941 5529 ex
982 5479 1161 5529 LXX:
1205 5480 1382 5529 Timor
1445 5495 1607 5529 avvre
1626 5478 1796 5529 tendet

216 5487 326 5542 Ubi
376 5486 485 5540 Jer.
540 5484 620 5537 sic
674 5478 841 5536 refert
877 5498 943 5536 ex
980 5479 1161 5534 LXX:
1205 5480 1382 5533 Timor
1445 5478 1797 5547 apprehendat

217 5555 393 5610 [fama
425 5556 685 5608 civitatem
712 5551 881 5606 Saul:
907 5551 1053 5620 quod
1077 5560 1133 5605 et
1167 5550 1457 5620 perspicue
1492 5549 1685 5620 falsum
1713 5563 1799 5601 as-

212 5627 388 5688 serit;
411 5624 557 5693 quod
594 5625 648 5676 in
672 5619 943 5677 llebraico
977 5619 1403 5693 civitas__Saulis
1437 5634 1568 5693 n0n_
1604 5619 1794 5693 Ruina,

213 5695 321 5749 sed
356 5688 538 5749 Ga'baa
561 5693 891 5762 appelletur.
931 5692 1117 5745 Potuit
1151 5688 1682 5762 Ηιριςηις-ιιιριιιιοςοΔ
1722 5690 1799 5762 uti

211 5765 359 5820 Cod.
388 5766 471 5818 vel
505 5758 615 5835 jani
640 5758 752 5835 tum
773 5762 1055 5835 laborabat
1088 5763 1120 5829 ἡ
1150 5760 1255 5835 τῷν
1286 5759 1433 5813 LXX
1456 5759 1645 5835 editio,
1672 5758 1799 5811 inde

215 5830 676 5899 nimirum'quod
706 5833 971 5888 omissum
1008 5833 1063 5886 in
1090 5846 1154 5885 ea
1183 5831 1259 5896 τὸ,
1316 5830 1653 5898 χρημὰτισον
1685 5846 1799 5896 φω-

1897 4569 2100 4641 betque
2118 4569 2222 4625 sub
2245 4572 2508 4625 asterisco
2547 4569 2882 4637 Procopius;
2912 4570 3190 4641 estquein
3224 4569 3477 4625 Hebraeo.

1898 4639 2036 4695 Hinc
2072 4642 2220 4695 enim
2253 4641 2481 4696 confusa
2506 4657 2629 4694 eum
2685 4642 2854 4695 Rama
2886 4641 3082 4695 civitas
3112 4639 3264 4703 Saul,
3302 4648 3359 4694 et
3389 4643 3471 4702 τὸ,

1897 4712 2151 4778 φεύξεται
2180 4714 2247 4766 ad
2286 4712 2573 4779 sequentia
2606 4712 2861 4774 relatum,
2915 4726 2985 4765 ne
3018 4712 3136 4765 sine
3169 4710 3340 4779 verbo
3379 4725 3478 4778 po-

1897 4782 2063 4835 situm
2095 4798 2296 4837 nomen
2342 4778 2650 4843 videretur,
2703 4782 2849 4851 quod
2905 4780 3202 4851 sequitur,
3239 4778 3478 4851 θύγατερ

1896 4852 2159 4921 Γαλλείμ.
2191 4851 2446 4906 Proxime
2474 4853 2656 4920 itaque
2689 4848 3360 4921 Iiebraieis’reddiderint
3397 4864 3477 4921 sa-

1897 4918 2225 4989 pientissimi
2275 4921 2411 4984 Viri,
2440 4918 2607 4984 Φόϐος
2641 4922 2866 4988 λήψεται
2904 4922 3082 4989 Ῥαμᾶ
3106 4920 3278 4972 πόλιν·
3304 4918 3479 4971 Σαοὺλ

1898 4992 2177 5057 φεύξεται,
2242 4992 2323 5045 uti
2376 4992 2597 5059 Argent.
2631 4992 2836 5060 aliique
2890 4989 3273 5060 habent;hvel
3328 4997 3479 5060 certe

1895 5062 2063 5141 Φόϐος
2100 5061 2333 5141 λήψεται
2381 5058 2564 5141 Ῥοιμᾶ
2600 5058 2773 5141 πόλις
2806 5061 2984 5141 ξαοὺλ
3041 5058 3316 5141 φεύξεται..
3370 5058 3480 5141 Ma-

1899 5133 2091 5200 gisque
2121 5128 2351 5193 arridet,
2381 5139 2440 5184 ut
2465 5128 2587 5186 loco
2611 5131 2851 5185 nominis
2882 5128 3111 5201 proprii,
3144 5128 3399 5201 quodest
3424 5128 3477 5201 i_n

1899 5197 2455 5263 llebraao,maluerint
2474 5202 2863 5271 appellativum
2882 5197 3120 5269 ponere:
3150 5197 3251 5268 pro
3268 5197 3477 5271 ζαϐαὰ,

1901 5274 2054 5335 πόλις
2093 5291 2105 5304 ο
2147 5272 2294 5341 quod
2332 5268 2562 5341 proclivi
2600 5286 2791 5325 errore
2849 5271 3142 5341 imperitus
3172 5268 3479 5341 scribaru-

1901 5343 2097 5411 disque
2158 5338 2349 5396 rerum
2386 5342 2773 5397 llebraicarum
2812 5341 2828 5409 (
2862 5349 2919 5393 nt
2958 5340 3183 5411 fuerunt
3230 5338 3480 5411 plerique

1901 5408 2099 5483 Grzeci)
2121 5412 2513 5483 πόλινίθοθιίι,
2532 5421 2601 5483 et
2629 5411 2695 5464 ad
2712 5408 2892 5483 Ῥοιμᾶ
2921 5410 3194 5483 retulerit,
3217 5424 3340 5483 qua;
3366 5408 3480 5475 ipsa

1903 5478 2134 5547 civitas;
2165 5498 2227 5536 ac
2252 5481 2296 5535 si
2322 5482 2543 5537 nonnisi
2601 5478 2827 5550 proprio
2857 5481 3031 5543 urbis,
3085 5478 3479 5550 appellativum

1902 5562 2027 5622 apte
2082 5553 2238 5621 jungi
2296 5562 2510 5622 posset,
2566 5547 2676 5606 non
2708 5547 2895 5621 ipsum
2950 5566 3048 5619 per
3098 5547 3155 5603 se
3211 5547 3367 5617 poni,
3418 5560 3482 5599 ac

1904 5623 2113 5691 proprii
2173 5621 2310 5676 loco”
2350 5623 2629 5692 supponi:
2683 5622 2830 5691 quod
2891 5621 2961 5675 sit
3011 5629 3194 5692 tamen
3256 5633 3325 5671 ex
3379 5630 3481 5680 usu

1904 5689 2321 5761 interpretantis
2341 5689 2715 5749 non—verbum—
2738 5708 2805 5747 ex
2828 5691 3019 5755 verbo,
3046 5689 3142 5745 sed
3161 5701 3384 5743 sensum
3415 5700 3487 5740 ex

1904 5778 2087 5818 sensu.
