4192 6436
755 380 890 444 1155

1927 389 1985 448 5.
2030 391 2310 448 MAXIMI
2350 367 2856 454 CONFESSORlS

3849 399 3996 464 1156

748 503 975 545 manans
999 491 1478 562 contemplationis
1519 496 1742 552 habitus
1768 509 1969 567 prtesto
1997 510 2102 564 est,
2129 511 2188 555 ut
2219 517 2289 570 qu

2418 503 2515 573 θὴν
2532 505 2624 557 καὶ
2658 509 2922 574 σωτήριον
2955 509 3264 578 ποταμηδὸν
3311 509 3602 581 προχέουσι
3637 511 4000 565 διδασκάὶὶαν

747 580 1027 647 sapientia:
1054 582 1316 650 praebitor
1338 585 1426 638 sit.
1461 586 1573 640 lllis
1598 587 1834 657 denique
1865 587 2065 642 ﬂuvius
2089 598 2192 653 est,
2217 591 2313 658 qui

746 668 891 736 piam
917 679 972 723 et
1006 679 1210 724 rectam
1264 688 1327 726 ac
1372 678 1668 730 salutarem
1713 678 2021 732 doctrinam
2071 680 2314 732 ﬂuminis

746 757 916 812 instar
937 760 1158 814 uberem
1182 763 1543 830 profundunt,
1569 768 1717 821 velut
1745 769 1838 836 qui
1870 769 2122 824 homines
2148 779 2312 839 atque

740 848 985 917 jumenta
1018 851 1328 920 bestiasque
1353 863 1409 908 et
1455 857 1681 911 arbores
1721 859 2034 928 stirpesque
2069 861 2308 915 ubertim

743 937 1012 1005 inebriet;
1044 958 1153 1009 quo
1185 943 1395 998 scilicet
1415 954 1527 998 tum
1558 947 1808 1001 homines
1828 947 2030 1001 deitate
2058 949 2312 1002 imbuan-

745 1038 854 1090 tur,
885 1046 1076 1083 eorum
1105 1047 1224 1098 qua:
1250 1033 1509 1088 dicuntur
1538 1036 1866 1089 sublimibus
1897 1038 2074 1090 sensis
2098 1039 2307 1101 evecti,

746 1126 858 1170 tum
889 1119 982 1186 qui
1007 1121 1262 1174 vitiorum
1294 1123 1414 1176 labe
1433 1139 1495 1176 ac
1516 1125 1827 1188 libidinum,
1852 1127 1906 1179 in
1935 1127 2309 1196 jumentorum

674 1239 689 1249 -
741 1216 942 1262 sortem
973 1209 1353 1276 desciverunt,
1409 1215 1627 1269 virtutis
1661 1217 1852 1270 modos
1904 1218 2152 1271 saniores
2183 1217 2316 1271 dili-

739 1307 928 1366 genter
956 1304 1262 1369 prtestando
1284 1305 1536 1360 homines
1567 1307 1769 1370 elI'ecti,
1796 1309 2060 1360 naturalis
2086 1308 2195 1361 vim
2218 1325 2305 1362 ra-

742 1386 906 1441 tionis
947 1392 1215 1460 rccipiant
1245 1411 1257 1445 :
1294 1395 1440 1463 iique
1474 1397 1567 1464 qui
1619 1397 1800 1465 pravis
1833 1397 2117 1451 habilibus
2145 1397 2300 1467 501

739 1481 1006 1550 malisque
1038 1485 1300 1552 operibus
1351 1487 1646 1540 bestiarum
1679 1487 1918 1540 indolem
1969 1483 2301 1552 hauserunt,

737 1569 848 1623 leni
883 1572 1141 1642 mollique
1179 1576 1553 1630 admonitione
1580 1577 1792 1630 deliniti
1836 1593 1899 1630 ac
1924 1577 2185 1646 cicurati,
2237 1577 2306 1632 ad

736 1660 974 1714 nativam
1014 1667 1491 1718 mansuetudinem
1522 1666 1750 1720 redeant
1783 1684 1794 1718 :
1822 1682 1884 1720 ac
1919 1667 2178 1736 denique,
2212 1669 2306 1736 qui

2419 593 2491 654 ὡς
2519 595 2858 664 ἀνθρώπους,
2887 599 2980 650 καὶ
3000 602 3168 669 κτήνη
3204 602 3294 654 καὶ
3325 601 3492 671 θηρία
3523 603 3616 655 καὶ
3649 604 3792 671 φυτὰ
3828 604 4000 670 δαψι-

2421 683 2527 745 ὶῶς
2549 685 2784 749 ποτίζων
2817 703 2831 716 ·
2870 689 2953 740 ἵνα
2987 689 3081 742 καὶ
3124 691 3398 760 ἄνθρωποι
3440 692 3699 755 eameam,
3727 697 3837 756 τοῖς
3879 694 3998 746 τῶν

2417 773 2724 843 λεγομένων
2750 777 3054 845 ὑψωθέντες
3083 781 3318 849 νοήμασι
3345 799 3357 811 ⁸
3395 786 3488 836 καὶ
3533 785 3580 836 οἱ
3617 784 3996 853 κτηνωθέντες

2415 867 2525 928 τοῖς
2546 867 2764 931 πάθεσι,
2781 868 2868 921 διὰ
2886 870 2980 939 τῆς
3003 872 3262 942 ἀκριϐοῦς
3281 873 3387 927 τῶν
3406 876 3524 927 κατ’
3549 876 3744 946 ἀρετὴν
3762 877 3856 944 τρὸ
3869 893 3997 926 πων

2416 953 2742 1019 ἀποδείξεως
2772 957 3255 1026 ἁνθρωπισθέντες,
3287 964 3386 1033 τὴν
3435 965 3668 1035 φυσικὴν
3710 965 3997 1017 ἐπαναλά-

2417 1042 2552 1094 6ωσι
2581 1043 2864 1116 λογιότητα
2890 1064 2904 1078 ο
2947 1051 3041 1102 καὶ
3069 1052 3116 1102 οί
3157 1051 3518 1121 θηριωθέντες
3546 1058 3666 1117 ταῖς
3714 1055 3993 1121 πονηραῖς

2413 1131 2557 1195 ἐξεσι
2588 1136 2682 1187 καὶ
2725 1140 3145 1206 κακοπραγίαις,
3174 1142 3260 1195 διὰ
3305 1145 3403 1212 τῆς
3444 1145 3744 1214 προσηνοῦς
3781 1162 3839 1196 τε
3889 1144 3991 1195 καὶ

2415 1223 2650 1292 εὐαφοῦς
2684 1229 3058 1296 παραινέσεως
3086 1231 3549 1297 τιθασσευθέντες,
3584 1235 3718 1304 πρὸς
3749 1234 3848 1303 τὴν
3881 1234 3990 1300 τῆς

2413 1313 2627 1381 φύσεως
2653 1317 3016 1371 ἐπανέλθωσιν
3050 1322 3357 1392 ἡμερότητα
3393 1341 3407 1354 ·
3443 1326 3532 1376 καὶ
3579 1325 3629 1382 ot
3683 1324 3867 1392 φυτῶν
3904 1325 3987 1374 δί-

2408 1421 2513 1473 κην
2542 1407 2992 1478 ἀναισθητοῦντες
3017 1412 3126 1464 τῶν
3153 1415 3393 1481 ἀγαθῶν,
3429 1416 3516 1469 διά
3547 1417 3642 1484 τῆς
3687 1417 3768 1477 εἰς
3813 1415 3988 1483 βὲῦος

2407 1495 2502 1548 τοῦ
2519 1496 2678 1565 λόγου
2693 1500 2992 1564 διαϐάσεως
3015 1505 3431 1570 ἀπαλυνθέντες,
3459 1509 3693 1561 λάϐωσιν
3721 1509 3985 1577 αἴσθησιν

2408 1587 2544 1656 πρὸς
2576 1591 2965 1659 καρπογονίαν,
3011 1595 3100 1646 καὶ
3123 1595 3351 1666 δύναμιν
3411 1598 3509 1668 τὴν
3539 1599 3733 1661 αὐτοὺς
3758 1598 3986 1666 διατρέ-

2412 1691 2637 1740 φουσαν,
2665 1676 2758 1729 τοῦ
2799 1678 2956 1746 λόγου
2987 1681 3267 1752 ποιότητα.

734 1747 885 1800 velut
932 1749 1168 1818 stirpes,
1219 1751 1488 1805 bonorum
1554 1768 1775 1806 sensum
1838 1754 2158 1818 amiserunt,
2219 1755 2500 1816 Sermonis
2547 1763 2603 1816 in
2661 1766 2999 1834 profundum
3055 1747 3251 1840 illapsu
3317 1774 3568 1838 emolliti,
3623 1789 3842 1828 sensum
3905 1774 3982 1827 ad

732 1833 1012 1890 fructuum
1068 1839 1394 1909 frugumque
1456 1841 1854 1912 parturigines,
1910 1843 2131 1912 vimque
2183 1848 2520 1916 enutriendi,
2581 1833 2973 1925 pinguedinem
3025 1833 3300 1917 sermonis
3340 1863 3459 1932 (seu
3504 1863 3786 1933 doctrinm.)
3827 1866 3984 1918 acci-

733 1929 910 1998 piant.

801 2025 888 2078 l38.
924 2025 1152 2079 Divinus
1181 2025 1372 2080 Sermo
1402 2027 1489 2080 via
1521 2036 1606 2082 est
1651 2024 1696 2055 ³⁸
1722 2028 1829 2092 his,
1870 2029 1967 2098 qui
1999 2038 2102 2084 nte
2132 2031 2296 2084 actio«

2477 2033 2576 2104 ξη¹.
2619 2039 2768 2104 Ὀδός
2789 2045 2934 2096 ἐστιν
2957 2043 2984 2094 ό
3015 2044 3106 2097 τοῦ
3132 2045 3263 2098 Θεοῦ
3284 2047 3475 2114 Λόγος,
3496 2051 3607 2110 τοῖς
3627 2049 3804 2112 καλῶς
3830 2052 3985 2102 κατὰ

734 2118 820 2171 Lis
850 2117 1001 2170 cultu
1049 2129 1384 2187 strenueque
1419 2118 1644 2173 virtutis
1686 2120 1925 2173 stadium
1961 2121 2299 2188 decurrunt;

728 2222 794 2261 ac
844 2207 938 2276 qui
979 2223 1157 2276 neque
1207 2207 1275 2261 ad
1315 2207 1617 2272 dexteram,
1657 2208 1836 2264 inanis
1870 2211 2058 2280 gloria:
2091 2211 2298 2277 studio,

727 2311 905 2364 neque
935 2297 1001 2350 ad
1049 2298 1348 2360 sinistram,
1383 2299 1810 2366 proclivioribus
1845 2301 1899 2354 in
1927 2302 2060 2356 vitia
2086 2319 2148 2357 ae
2175 2303 2303 2357 libi-

726 2385 884 2440 dines
911 2387 1111 2440 animis
1136 2427 1149 2450 ,
1197 2387 1511 2452 declinant;
1547 2399 1728 2444 rectos
1755 2390 1862 2444 illis
1893 2392 2146 2462 religiosa
2180 2394 2300 2462 pie-

729 2484 837 2530 tate
876 2492 1095 2547 gressus
1135 2487 1403 2546 pra:stans
1432 2494 1570 2547 quos
1615 2494 1738 2532 cum
1798 2481 1903 2534 Asa
1935 2497 2030 2536 rex
2062 2483 2202 2537 Juda
2225 2484 2297 2548 ’⁸,

727 2567 871 2620 haud
916 2568 1158 2640 legitime
1195 2566 1250 2621 in
1284 2568 1446 2622 ﬁnem
1499 2583 1674 2636 usque
1715 2579 2016 2635 servasset,
2042 2581 2300 2641 vergente

725 2658 832 2726 iam
863 2666 1022 2710 :ntate
1043 2657 1246 2711 dicitur
1269 2658 1510 2711 doluisse
1531 2657 1734 2726 pedes;
1766 2659 1920 2712 velut
1965 2659 2176 2713 scilicet
2204 2660 2302 2715 de-

725 2746 890 2799 bilior
923 2747 1116 2811 factus,
1147 2763 1308 2815 quam
1346 2764 1445 2816 pro
1468 2748 1724 2801 instituto
1752 2764 1820 2802 ex
1850 2749 2053 2804 divinis
2072 2751 2300 2806 rationi-

724 2835 828 2888 bus
859 2835 1134 2906 (religiosa
1168 2836 1378 2888 scilicet
1406 2834 1632 2904 pietate)
1659 2850 1846 2890 cursu.

791 2925 878 2979 69.
933 2927 1026 2979 Dei
1085 2926 1276 2979 Sermo
1331 2921 1545 2979 osttum’
1579 2927 1890 2994 appellatur
1921 2929 1998 2993 ",-
2025 2929 2176 2983 velut
2207 2931 2295 2997 iis,

722 3015 816 3084 qui
847 3031 1066 3069 omnem
1119 3016 1379 3084 praeclare
1424 3016 1692 3070 virtutum
1732 3018 1874 3070 viam
1906 3018 2297 3088 irreprehenso

721 3103 960 3157 actionis
1013 3104 1166 3157 cultu
1217 3115 1583 3177 peregerunt,
1645 3106 1857 3159 aditum
1928 3108 2178 3176 pandens
2227 3110 2295 3163 ad

721 3194 1044 3259 scientiam;
1073 3201 1128 3248 et
1159 3203 1217 3247 ut
1243 3195 1452 3259 lumen,
1496 3196 1657 3266 longe
1681 3197 2054 3253 lueidissimos
2078 3201 2296 3269 sapien-

722 3286 810 3339 tia:
835 3287 1122 3340 thesauros
1145 3285 1458 3339 ostendens.
1481 3287 1627 3340 Idem
1655 3288 1799 3342 enim
1829 3297 1884 3343 et
1906 3289 1989 3344 via
2012 3298 2060 3344 el
2092 3292 2292 3345 ostium

718 3386 774 3429 et
825 3376 993 3428 clavis
1042 3383 1096 3428 et
1124 3390 1351 3445 regnum
1386 3374 1738 3446 nuncupatur
1771 3395 1783 3430 :
1818 3378 1905 3431 via
1949 3380 2193 3448 quidem,
2233 3391 2294 3435 ut
2318 3359 2360 3418 δ

719 3466 947 3531 ductor;
989 3467 1158 3520 clavis
1192 3475 1396 3530 autem,
1428 3477 1489 3521 ut
1536 3469 1630 3536 qui
1663 3469 1844 3539 dignis
1874 3471 2076 3541 quibus
2106 3472 2291 3526 divina

718 3555 1067 3624 pra*beantur
1096 3555 1307 3624 aperiat
1332 3563 1387 3608 et
1410 3557 1727 3624 aperiatur;
1757 3559 1959 3611 ostium
1978 3569 2184 3624 autem,
2233 3568 2293 3614 ut

719 3646 833 3714 ipse
860 3645 1149 3709 admissor;
1184 3660 1410 3715 regnum
1440 3645 1703 3715 denique,
1734 3657 1794 3700 ut
1821 3650 1914 3716 qui
1940 3648 2292 3716 possideatur

715 3745 773 3791 et
815 3737 868 3790 in
903 3737 1161 3790 omnibus
1219 3735 1305 3789 sui
1359 3736 1780 3806 participatione
1831 3754 1894 3793 ac
1954 3741 2291 3796 commercio

715 3826 965 3880 exsistat.

789 3917 874 3969 '70.
918 3915 1182 3968 Dominus
1213 3915 1305 3967 lux
1354 3914 1683 3982 appellatur,
1732 3921 1789 3968 et
1813 3914 1925 3968 vita
1951 3923 2008 3969 et
2038 3930 2289 3969 resurre-

715 4006 827 4060 ctio
854 4015 1018 4072 atque
1039 4005 1268 4058 veritas.
1295 4001 1339 4034 ’⁸
1369 4003 1487 4056 Lux
1509 4003 1753 4072 quidem,
1787 4013 1843 4058 et
1877 4015 1937 4057 ut
1975 4005 2287 4059 animorum

716 4095 958 4158 claritas,
984 4102 1039 4148 et
1065 4103 1122 4147 ut
1148 4094 1340 4163 fugatis
1373 4093 1694 4163 ignorantia:
1718 4096 1994 4161 tenebras,
2026 4107 2190 4166 atque
2228 4109 2289 4153 ut

715 4185 782 4238 ad
822 4200 885 4238 ea
948 4199 1068 4252 quae
1114 4199 1311 4237 arcana
1358 4191 1519 4248 sunt,
1554 4185 1909 4255 intelligenda
1946 4186 2284 4253 illuminans,

715 4275 955 4343 solisque
977 4274 1182 4327 mundo
1215 4274 1380 4329 corde
1403 4275 1754 4344 aspectabilia
1788 4278 2047 4348 mysteria
2084 4294 2286 4348 propa-

706 4367 864 4438 _lans;
902 4365 1011 4417 vita
1043 4375 1248 4428 autem,
1281 4373 1341 4419 ut
1367 4366 1460 4434 qui
1491 4365 1849 4436 diligentibus
1873 4367 2185 4432 Dominum,
2229 4367 2285 4420 in

715 4458 803 4510 his
827 4473 946 4525 qua:
974 4456 1157 4510 divina
1190 4465 1346 4521 sunt,
1385 4465 1590 4509 motum
1643 4457 1915 4524 praebeat;
1954 4457 2285 4510 resurrectio

714 4565 866 4611 vero,
899 4559 958 4602 ut
980 4550 1075 4616 qui
1106 4564 1135 4601 a
1164 4557 1380 4601 mortua
1402 4557 1747 4602 terrenorum
1779 4548 2009 4601 libidine
2043 4555 2283 4602 mentem

2403 2122 2499 2193 τὴν
2529 2130 2858 2199 πρακτικὴν,
2885 2133 2976 2186 καὶ
3009 2133 3240 2198 εὐτόνως
3272 2135 3333 2187 τὸ
3357 2137 3453 2206 τῆς
3482 2137 3684 2207 ἀρετῆς
3710 2141 3979 2208 τρέχουσι

2405 2214 2614 2268 στάδιον
2645 2234 2660 2248 ο
2692 2221 2785 2272 καὶ
2828 2224 2963 2293 μήτε
2994 2224 3141 2288 δεξιά
3178 2224 3266 2278 διὰ
3315 2227 3641 2290 κενοδοξίας,
3676 2231 3810 2297 μήτε
3848 2231 3983 2300 ἀρι-

2403 2304 2571 2374 στερά
2599 2305 2688 2360 διά
2719 2310 2819 2379 τῆς
2853 2311 2988 2381 πρὸς
3011 2312 3079 2366 τὰ
3107 2313 3253 2385 πάθη
3284 2316 3454 2386 ῥοπῆς
3484 2317 3844 2382 ἐκκλίνουσιν,
3872 2320 3979 2372 εὑ-

2403 2392 2575 2449 θύνων
2606 2399 2748 2452 κατά
2768 2401 2898 2454 Θεὸν
2927 2403 2996 2456 τά
3026 2405 3336 2477 διαδήματα
3359 2425 3372 2438 ·
3401 2409 3538 2479 ὅπερ
3575 2410 3656 2472 είς
3701 2411 3856 2473 τέλος
3894 2408 3982 2481 μὴ

2401 2486 2645 2555 φυλάξας
2678 2492 2811 2546 Ἀσά
2853 2495 2882 2545 ό
2945 2495 3196 2564 βασιλεὺς
3257 2499 3444 2564 Ἰούδα,
3488 2500 3701 2569 λέγεται
3744 2502 3880 2572 περὶ
3912 2503 3981 2554 τὸ

2399 2575 2577 2648 γῆρας
2605 2580 2768 2633 αὑτοῦ
2799 2584 3170 2653 πεπονηκέναι
3200 2587 3326 2649 τοὺς
3362 2587 3527 2651 πόδας
3553 2605 3566 2618 ·
3598 2589 3676 2652 ὡς
3709 2592 3838 2660 περὶ
3863 2592 3981 2651 ,τὸν

2398 2665 2596 2737 δρόμον
2624 2667 2718 2722 τοῦ
2750 2671 2892 2725 κατὰ
2920 2673 3051 2726 Θεὸν
3083 2675 3198 2744 βίου
3227 2677 3550 2748 ἀσθενήσας.

2469 2927 2565 2993 ἔθ’.
2592 2928 2742 2999 Θὺρα
2769 2929 2986 3000 λέγεται
3011 2935 3037 2985 ό
3062 2933 3155 2987 τοῦ
3189 2934 3322 2988 Θεοῦ
3349 2937 3539 3005 Λόγος,
3577 2938 3651 3002 ὡς
3683 2939 3812 3003 τοὺς
3866 2957 3982 2993 κα-

2397 3018 2502 3082 λῶς
2529 3016 2707 3074 πᾶσαν
2741 3022 3059 3091 διηνυκότας
3083 3024 3180 3095 τὴν
3201 3025 3316 3079 ὁδὸν
3345 3027 3452 3080 τῶν
3478 3028 3691 3098 ἀρετῶν
3711 3032 3853 3081 κατὰ
3878 3031 3982 3082 τὸν

2396 3108 2684 3177 ἄμεμπτον
2719 3109 2917 3180 δρόμον
2971 3113 3069 3181 τῆς
3115 3114 3383 3183 πράξεως,
3432 3117 3568 3184 πρὸς
3617 3117 3822 3184 γνῶσιν
3858 3119 3988 3169 εἰσ-

2397 3197 2552 3267 άγων
2584 3214 2600 3230 ο
2637 3200 2732 3253 καὶ
2764 3200 2838 3265 ὡς
2868 3202 3001 3269 φῶς,
3027 3204 3240 3267 δεικνὺς
3267 3207 3389 3268 τοὺς
3430 3206 3726 3274 πολυφαεῖς
3747 3211 3852 3276 τῆς
3886 3226 3984 3261 σο-

2397 3291 2525 3357 φίας
2556 3291 2880 3362 θησαυρούς.
2919 3291 2977 3344 '0
3005 3294 3165 3356 αὐτὸς
3188 3294 3295 3365 γὰρ
3334 3297 3425 3348 καὶ
3453 3297 3706 3359 ὁδόςέστι
3744 3299 3846 3349 καὶ
3872 3298 3982 3350 θύ-

2395 3399 2463 3450 ρα
2495 3380 2588 3433 καὶ
2624 3381 2770 3444 κλεὶς
2824 3383 2917 3434 καὶ
2971 3382 3216 3459 βασιλεία
3243 3403 3256 3416 ο
3298 3386 3411 3448 ὁδὸς
3441 3387 3558 3455 μὲν,
3598 3387 3675 3449 ῶς
3719 3388 3926 3458 ὁδηγάς
3962 3401 3976 3417 ³

2393 3467 2541 3530 κλεὶς
2570 3468 2645 3532 δὲ,
2675 3469 2750 3531 ὡς
2778 3471 3005 3536 ἀνοίγων
3030 3475 3142 3534 τοῖς
3171 3472 3342 3538 ἀξίοις
3370 3474 3476 3525 τῶν
3506 3473 3664 3526 θείων
3685 3476 3783 3528 καὶ
3815 3477 3978 3528 ἀνοι-

2390 3556 2619 3626 γόμενος
2651 3572 2666 3588 ο
2735 3556 2872 3628 θύρα
2917 3559 2994 3622 δὲ,
3035 3559 3110 3622 ὡς
3151 3559 3522 3627 εἰσαγωγεύςο
3575 3560 3836 3629 βασιλεία
3891 3560 3977 3622 δὲ,

2391 3646 2466 3707 ὡς
2529 3645 3053 3718 κληρονομούμενος,
3118 3648 3210 3701 καὶ
3270 3648 3410 3701 κατά
3465 3649 3686 3720 μέθεξιν
3721 3651 3784 3701 ἐν
3834 3650 3980 3701 πᾶσι

2389 3750 2690 3805 γινομενος.

2459 3913 2522 3984 0'.
2563 3914 2682 3978 Φῶς
2717 3917 2746 3968 ὁ
2776 3915 2978 3986 Κύριος
3008 3916 3244 3985 λεγεται,
3275 3917 3367 3970 καὶ
3393 3917 3504 3988 ζωὴ
3531 3919 3626 3970 καὶ
3656 3916 3981 3981 ἀνάστασις

2389 4007 2485 4059 καὶ
2522 4005 2768 4076 ἀλήθεια.
2800 4006 2918 4070 Φῶς
2960 4009 3080 4076 μὲν,
3133 4008 3224 4060 καὶ
3260 4007 3334 4070 ὡς
3383 4008 3705 4078 λαμπρότης
3747 4007 3974 4077 ψυχῶν,

2391 4101 2482 4151 καὶ
2510 4097 2586 4162 ὡς
2630 4099 2850 4167 ἀγνοίας
2892 4100 3112 4162 σκότους
3156 4099 3414 4170 διώκτης·
3444 4101 3534 4152 καὶ⁵
3579 4100 3656 4162 ὡς
3706 4101 3978 4169 φωτίζων

2389 4188 2478 4240 τὸν
2511 4187 2634 4241 νοῦν
2670 4188 2806 4257 πρὸς
2833 4190 3154 4259 κατανόησιν
3181 4189 3286 4242 τῶν
3319 4191 3644 4259 ἀπορρήτων
3668 4206 3681 4218 ·
3717 4191 3823 4241 καὶ
3855 4190 3973 4242 δει-

2390 4278 2538 4340 κνὺς,
2559 4276 2625 4329 τὰ
2653 4277 2836 4346 μόνοις
2869 4276 3033 4330 θεατὰ
3063 4279 3174 4340 τοῖς
3202 4277 3458 4345 καθαροῖς
3485 4281 3777 4348 μυστήρια
3801 4296 3829 4340 ο,
3855 4281 3976 4346 ζωὴ

2386 4367 2462 4430 δὲ,
2501 4366 2575 4428 ὡς
2612 4369 2710 4436 τὴν
2747 4367 3061 4437 πρέπουσαν
3099 4367 3292 4436 ψυχαῖς
3322 4367 3646 4435 ἀγαπώσαις
3697 4367 3802 4420 τὸν
3853 4368 3975 4419 Κύ-
4013 4376 4031 4388 ⁸

2389 4475 2503 4527 ριον
2532 4459 2588 4510 ἐν
2617 4459 2730 4520 τοῖς
2760 4457 2923 4519 θείοις
2953 4459 3322 4527 παρεχόμενος
3353 4457 3567 4526 κίνησιν
3605 4473 3618 4486 ·
3651 4458 3974 4521 ἀνάστασις

2387 4547 2462 4610 δὲ,
2490 4547 2565 4610 ὼς
2595 4548 2692 4616 τῆς
2721 4549 2920 4618 νεκρᾶς
2950 4547 3056 4600 τῶν
3084 4546 3280 4599 ὑλικῶν
3309 4547 3684 4617 προσπαθείας
3721 4550 3974 4618 ἐγείρων

715 4641 1047 4699 exsuscitet,
1090 4640 1270 4693 omnis
1315 4639 1533 4708 generis
1579 4639 1952 4707 corruptionis
1983 4637 2280 4693 mortiﬁca—

2397 4639 2479 4691 τὸν
2504 4638 2649 4702 νοῦν,
2687 4638 2890 4707 φθορᾶς
2915 4637 3171 4699 παντοίας
3201 4637 3434 4706 καθαρὸν
3459 4637 3552 4689 καὶ
3581 4639 3934 4708 νεκρότητος
3959 4656 3972 4668 ·

716 4731 993 4799 tionisque
1026 4731 1144 4785 labe
1169 4747 1391 4799 puram;
1420 4746 1482 4784 ac
1506 4730 1728 4784 demum
1761 4730 1982 4792 veritas,
2014 4731 2164 4784 velut
2184 4731 2284 4783 im-

714 4823 1032 4876 mutabilem
1074 4824 1343 4879 bonorum
1386 4825 1670 4889 habitum,
1709 4823 1796 4878 his
1840 4824 1933 4894 qui
1969 4823 2119 4894 digni
2151 4826 2281 4890 sint,

713 4913 972 4966 muniﬁce
995 4922 1277 4981 praestans.

784 5005 870 5056 7|.
905 5004 998 5057 Dei
1047 5005 1269 5072 quidem
1317 5021 1380 5059 ac
1410 5003 1589 5058 Patris
1630 5003 1775 5056 Deus
1806 5002 2018 5066 Sermo,
2055 5001 2284 5056 cuilibet

717 5095 943 5166 mystice
975 5095 1135 5158 inest,
1172 5112 1537 5163 eorum,_qu:e
1566 5103 1836 5164 praecepta
1877 5095 1944 5146 ab
1993 5108 2058 5146 eo
2093 5102 2223 5146 sunt
2265 5110 2278 5146 :

717 5187 967 5255 Deusque
1010 5204 1072 5240 ac
1101 5189 1260 5242 Pater
1295 5195 1444 5241 totus
1485 5187 1539 5240 in
1585 5194 1698 5240 toto
1726 5184 2054 5238 naturaliter
2099 5183 2276 5247 inest,

713 5280 861 5333 nulla
907 5280 1190 5338 distantia.
1239 5279 1504 5333 Sermone
1549 5294 1650 5333 suo
1679 5285 1735 5332 et
1758 5278 1962 5332 Verbo.
1988 5275 2091 5342 Qui
2113 5275 2283 5345 igitur

711 5372 954 5425 divinum
991 5372 1307 5425 mandatum
1352 5371 1584 5440 suscipit
1635 5370 1896 5439 facitque,
1927 5369 2283 5422 exsistentem

711 5456 764 5510 in
798 5456 892 5509 illo
910 5457 1154 5509 divinum
1197 5455 1517 5510 Sermonem
1562 5455 1816 5523 suscipit.
1840 5452 1942 5519 Qui
1973 5461 2156 5506 autem
2188 5467 2286 5520 per

707 5547 961 5601 mandata
1013 5547 1170 5618 502
1225 5547 1548 5603 Sermonem
1594 5545 1921 5614 susceperit,
1965 5559 2065 5613 per
2103 5543 2283 5611 ipsum

705 5651 815 5691 una
838 5652 1056 5706 quoque
1100 5638 1156 5690 in
1200 5653 1266 5692 eo
1300 5637 1631 5691 naturaliter
1673 5636 2033 5690 exsistentem
2062 5634 2283 5689 Patrem

2386 4729 2613 4800 ἀλήθεια
2632 4728 2706 4792 δὲ,
2724 4729 2798 4791 ὡς
2813 4727 2922 4792 ἕξιν
2937 4727 3043 4780 τῶν
3065 4726 3281 4795 ἀγαθῶν
3295 4730 3406 4789 τοῖς
3422 4727 3593 4792 ἀξίοις
3606 4726 3794 4796 δωροῦ
3805 4745 3978 4798 μενος

2381 4820 2666 4890 ἄτρεπτον.

2452 4994 2551 5049 οα’.
2592 4997 2650 5048 '0
2700 4996 2798 5065 μὲν
2845 4994 2936 5048 τοῦ
2981 4994 3137 5062 Θεοῦ,
3182 4994 3270 5047 καὶ
3311 4993 3520 5065 Πατρὸς
3557 4994 3697 5056 Θεὸς
3761 4995 3972 5062 Λόγος.

2390 5086 2594 5157 ἑκάστῃ
2624 5086 2897 5156 μυστικῶς
2918 5088 3210 5157 ἐνυπάρχει
3240 5085 3344 5139 τῶν
3381 5086 3594 5140 οἰκείων
3620 5087 3876 5140 ἐντολῶν
3903 5105 3918 5117 ·
3949 5091 3977 5140 ὁ

2386 5177 2443 5230 δέ
2466 5177 2597 5242 Θεὸς
2623 5179 2719 5231 καὶ
2754 5177 2941 5248 Πατὴρ
2962 5218 2976 5242 ,
3006 5177 3124 5241 ὅλος
3161 5179 3304 5232 ἐστὶν
3330 5177 3632 5247 ἀχὼριστος
3656 5180 3717 5231 ὲν
3745 5180 3864 5246 ὅλῳ
3895 5179 3977 5248 τῷ

2384 5271 2568 5341 οἰκείῳ
2585 5272 2744 5340 Λόγῳ
2767 5269 3028 5338 φυσικῶς.
3045 5270 3102 5322 '0
3122 5269 3298 5322 τοίνυν
3318 5267 3605 5336 δεχόμενος
3631 5267 3796 5320 θείαν
3815 5269 3976 5321 ἐντοο

2335 5363 2339 5367 ’
2383 5363 2482 5433 λὴν
2516 5364 2609 5416 καὶ
2637 5361 2804 5414 ποιῶν
2835 5361 3023 5430 αὐτὴν,
3054 5360 3142 5413 τὸν
3177 5361 3232 5412 ἐν
3274 5359 3407 5428 αὐτῇ
3438 5357 3533 5410 τοῦ
3561 5356 3704 5409 Θεοῦ
3739 5358 3972 5427 δέχεται

2382 5455 2577 5523 Λόγον.
2621 5454 2678 5506 '0
2709 5452 2764 5505 δέ
2795 5451 2884 5504 τὸν
2914 5450 3082 5519 Λόγον
3105 5448 3190 5503 διὰ
3213 5449 3316 5501 τῶν
3349 5447 3582 5501 ἐντολῶν
3620 5447 3969 5518 δεξάμενος,

2380 5543 2448 5596 δι’
2478 5541 2643 5595 αὐτοῦ
2683 5542 2772 5595 τὸν
2801 5541 2858 5592 ἐν
2885 5539 3031 5606 αὑτῷ
3062 5537 3302 5606 φυσικῶς
3331 5536 3460 5588 ὄντα
3489 5535 3830 5600 συνεδέξατο
3861 5539 3972 5590 Πα-

2380 5631 2535 5703 τέρα,
2565 5632 2656 5685 καὶ
2696 5630 2756 5683 τὸ
2781 5631 2836 5682 ἐν
2870 5629 3016 5698 αὐτῷ
3045 5625 3288 5696 φυσικῶς
3325 5624 3385 5680 ὃν
3422 5623 3752 5692 συνεδὲξξιτο
3787 5625 3972 5680 Πνεῦ-

782 5803 824 5833 ²³
851 5815 1007 5871 Joan.
1031 5832 1138 5882 xw,
1166 5815 1218 5870 6.
1296 5816 1342 5849 ²⁶
1379 5815 1447 5870 111
1472 5815 1605 5884 Reg.
1634 5830 1721 5882 xv,
1746 5813 1834 5868 25.
1909 5814 1952 5846 ’⁷
1973 5813 2130 5869 Joan.
2150 5829 2202 5881 χ,
2237 5813 2290 5867 9.

2397 5811 2416 5843 ³
2438 5809 2594 5869 Joan.
2625 5824 2740 5876 vtu,
2769 5807 2867 5875 12;
2892 5824 2964 5874 ιι,
2993 5806 3093 5871 25;
3124 5822 3231 5871 xxv.
3265 5806 3317 5862 6.
