4192 6436
228 420 353 480 1157

1016 414 1358 474 (ᾺΡΙἹὊΜ
1398 411 1669 472 TIIEOL.
1708 411 1804 470 ET
1843 410 2076 471 (ECON.
2119 412 2502 475 CENTURIA
2542 417 2623 477 Il.

3337 427 3471 498 “58

228 528 530 597 inﬁmiin;
558 526 687 595 γὰρ.
723 541 879 595 φησι,
915 523 1073 592 ,λέγω
1112 524 1274 592 ὑμῖν,
1302 526 1337 576 ό
1360 522 1684 591 λαμϐάνων
1721 522 1795 573 ὅν
1824 540 1842 594 λ

1915 522 2169 591 suscepit;
2195 531 2359 592 atque
2392 524 2445 575 in
2471 539 2538 578 eo
2561 524 2886 579 naturaliter
2909 526 3075 581 etiam
3112 530 3466 587 cxsistcntciii

225 634 360 672 τινα
386 618 618 686 πέμψω,
640 616 744 685 ἐμὲ
772 614 1063 683 λαμϐάνει
1092 630 1104 643 ·
1142 617 1175 668 ό
1217 614 1285 667 δὲ
1316 614 1421 682 ἐμὲ
1450 612 1793 681 λαμϐάνων,

225 708 514 776 λαμϐάνει
569 707 678 761 τὸν
733 705 1054 775 πέμψαντὰ
1100 722 1196 773 με.
1232 704 1291 757 '0
1321 703 1449 772 γοῦν
1472 704 1691 774 ἐντολὴν
1713 704 1798 756 δε-

228 798 461 867 ξάμενος
484 800 575 850 καὶ
614 798 847 867 ποιήσας
896 797 1086 867 αὐτὴν,
1118 796 1297 850 λαϐὼν
1350 795 1463 867 ἔχει
1526 794 1801 865 μυστικῶς

225 891 326 958 τὴν
351 890 513 956 ἁγίαν
544 888 768 957 Τριάὸιι.

301 1066 400 1138 οβ’.
428 1067 652 1132 Δοξάξει
696 1068 787 1121 τὸν
818 1069 952 1121 Θεὸν
977 1069 1035 1119 ἐν
1070 1067 1269 1138 ἐαυτῷ,
1306 1067 1402 1137 οὐχ
1432 1068 1460 1119 ὁ
1490 1066 1669 1135 λόγοις
1711 1066 1804 1135 μό·

228 1177 322 1212 νον
346 1161 623 1230 γεραίρων
660 1160 753 1213 τὸν
774 1161 925 1221 Θεὸν,
947 1160 1062 1212 ἀλλ’
1086 1162 1114 1213 ό
1136 1160 1224 1213 διὰ
1250 1160 1340 1211 τὸν
1366 1160 1498 1213 Θεὸν
1522 1161 1661 1229 ὑπὲρ
1683 1160 1805 1229 ἀρε-

227 1252 332 1319 τῆς
359 1252 426 1304 τά
453 1253 559 1304 τῶν
597 1252 776 1305 πόνων
806 1252 1094 1321 ὑπομένων
1146 1250 1447 1319 παθήματα
1478 1265 1490 1280 ·
1524 1252 1617 1302 καὶ
1662 1250 1807 1301 ἀντι-

230 1342 515 1409 δοξάζεται
538 1343 690 1413 παρὰ
721 1342 893 1406 Θεοῦ,
925 1342 1023 1412 τὴν
1070 1344 1127 1394 ὲν
1174 1340 1252 1410 τῷ
1303 1340 1420 1409 Θεῷ
1471 1341 1646 1405 δόξαν,
1696 1334 1805 1391 οἷον

232 1434 441 1504 ἀρετῆς
469 1433 701 1486 ἔπαθλον
722 1433 863 1486 κατὰ
889 1432 1107 1502 μέθεξιν
1132 1432 1230 1502 τὴν
1255 1433 1352 1501 τῆς
1401 1430 1672 1492 ἀπαθείας
1716 1448 1807 1499 κο-

238 1524 532 1594 μιζόμενος
565 1527 725 1595 χάριν
750 1526 847 1597 (Ii).
883 1526 993 1587 Πᾶς
1024 1525 1132 1594 γάρ
1152 1527 1181 1577 ό
1211 1525 1448 1591 δοξάζων
1475 1524 1567 1577 τὸν
1587 1523 1719 1576 Θεὸν
1749 1524 1806 1575 ἐν

234 1615 415 1685 ἑαυτῷ
440 1616 527 1669 διὰ
545 1615 653 1670 τῶν
676 1617 818 1670 κατὰ
846 1617 945 1687 τὴν
973 1616 1285 1687 πρακτικὴν
1307 1616 1448 1685 ὑπὲρ
1472 1615 1673 1686 ἀρετῆς
1706 1631 1807 1667 πα-

235 1707 517 1776 θημάτων,
554 1707 646 1759 καὶ
682 1707 843 1770 αὐτὸς
893 1708 953 1759 ὲν
989 1706 1068 1776 τῷ
1093 1707 1212 1778 Θεῷ
1243 1707 1525 1772 δοξάζεται
1546 1747 1560 1769 ,
1594 1708 1680 1759 διὰ
1709 1707 1807 1774 τῆς

234 1795 381 1847 κατά
405 1796 506 1866 τὴν
535 1794 767 1865 θεωρίαν
807 1794 1053 1858 ἀπαθοῦς
1096 1796 1204 1848 τῶν
1252 1795 1412 1848 θείων
1465 1794 1801 1864 ὲλλάμψεως.

1898 611 2143 681 suscepit
2183 611 2449 681 Spiritum
2488 622 2759 667 sanctum.
2794 616 2885 669 Ait
2931 618 3081 672 enim
3111 637 3123 672 :
3160 621 3329 674 Amen
3357 622 3472 678 dico

1899 700 2056 764 vobis,
2091 703 2182 771 qui
2211 702 2400 770 accipit
2432 703 2478 755 si
2502 720 2654 773 quem
2674 706 2881 771 misero,
2910 725 2990 761 me
3012 710 3238 781 accipit;
3262 711 3354 782 qui
3373 730 3475 767 att-

1900 798 2003 843 tem
2030 808 2108 844 me
2133 794 2342 861 accipit,
2377 795 2565 863 accipit
2589 810 2707 847 eum
2739 798 2828 865 qui
2861 815 2939 851 me
2978 801 3117 854 misit
3138 801 3203 856 ".
3235 800 3339 868 Qui
3358 790 3466 874 igi-

1902 890 1992 935 tur
2044 883 2358 937 mandatum
2410 886 2621 955 accepit
2652 887 2898 956 illudque
2933 889 3097 955 fecit,
3143 901 3314 949 totam
3346 910 3467 967 my-

1900 973 2037 1027 stice
2054 983 2297 1027 sanctam
2331 974 2655 1030 Trinitatem
2687 980 2921 1047 accepit.

1971 1066 2059 1119 72.
2097 1066 2155 1119 ln
2194 1066 2376 1135 seipse
2404 1067 2575 1121 Deum
2605 1069 2892 1137 clariﬁcat,
2921 1087 3031 1127 non
3058 1073 3152 1142 qui
3170 1075 3356 1130 verbis
3378 1090 3471 1132 εο-

1902 1156 2182 1210 liimmodo
2226 1157 2397 1210 Deum
2437 1158 2707 1221 honorat,
2756 1162 2850 1214 sed
2878 1163 2970 1231 qui
3006 1174 3232 1233 propter
3265 1165 3470 1229 Deuiii,

1901 1261 2123 1303 Virtutis
2153 1262 2316 1300 causa
2338 1288 2351 1309 ,
2397 1246 2647 1300 laborum
2684 1250 2962 1305 molestias
3006 1262 3169 1322 atque
3199 1270 3477 1309 aerumnas

1900 1336 2176 1405 patienter
2221 1337 2443 1401 tolerat;
2487 1336 2841 1408 vicissimque
2884 1342 3220 1397 clarilicatur
3260 1361 3290 1399 a
3322 1346 3473 1408 Deo,

1902 1426 1997 1494 qui
2029 1426 2333 1480 claritatem
2371 1443 2492 1495 quze
2533 1428 2586 1481 in
2618 1429 2730 1482 Deo
2760 1440 2864 1494 est,
2908 1432 3059 1484 velut
3088 1434 3305 1489 virtutis
3334 1451 3475 1504 pra:-

1904 1517 2094 1582 miiini,
2123 1519 2491 1588 ejiisquodam
2512 1521 2866 1585 commercio,
2901 1522 3285 1592 imperturbati
3307 1527 3475 1581 animi

1904 1624 1968 1663 ac
1994 1610 2273 1679 tranquilli
2302 1626 2501 1664 muniis
2539 1610 2759 1665 referat.
2792 1612 3053 1683 Quisquis
3078 1615 3225 1669 enim
3255 1618 3477 1672 virtutis

1905 1716 2066 1755 causa
2098 1716 2198 1771 pro
2235 1702 2398 1755 activi
2444 1718 2673 1755 munere
2707 1702 2923 1758 labores
2947 1704 3269 1760 desudando
3298 1707 3473 1763 Deum

1906 1791 2189 1853 clariﬁcat,
2215 1791 2329 1860 ipse
2375 1792 2538 1846 etiam
2564 1808 2594 1846 a
2619 1793 2731 1846 Deo
2766 1793 3119 1861 clariﬁcatur,
3144 1812 3244 1866 per
3276 1797 3479 1868 imper-

232 1886 374 1955 Φησὶ
398 1886 508 1957 γὰρ
532 1889 561 1939 ὀ
602 1887 807 1957 Κύριος
852 1885 945 1939 ἐπὶ
995 1886 1056 1939 τὸ
1106 1886 1276 1949 πάθος
1323 1887 1615 1957 ἐρχόμενος
1639 1902 1654 1916 ·
1682 1886 1811 1939 Νῦν

1915 1882 2112 1937 turbati
2144 1882 2311 1936 animi
2347 1884 2784 1953 contemplandis
2804 1885 3007 1940 divinis
3032 1885 3475 1944 illustrationeni.

233 1974 539 2043 ἐδοξάσθη
567 1979 601 2030 ὁ
638 1979 769 2043 Υἱὸς
800 1978 907 2033 τοῦ
927 1979 1262 2047 ἀνθρώπου,
1283 1977 1382 2030 καὶ
1424 1981 1457 2031 ό
1491 1978 1635 2041 Θεὸς
1680 1976 1807 2030 ἐδο-

236 2067 436 2135 ξάσθη
457 2069 524 2121 ἑν
551 2068 728 2135 αὐτῷ.
758 2072 828 2124 El
856 2073 888 2124 ό
916 2071 1056 2131 Θεὸς
1089 2069 1389 2136 ἐδοξάσθη
1409 2070 1478 2123 ἐν
1499 2067 1658 2133 αὐτῷ
1676 2108 1689 2129 .
1709 2068 1805 2120 καὶ

235 2160 271 2209 ό
296 2158 442 2222 Θεὸς
468 2158 714 2223 δοξάσει
739 2162 928 2214 αὐτὸν
966 2161 1035 2214 ἐν
1058 2160 1250 2227 ἐαυτῷ
1277 2178 1293 2194 ο
1334 2162 1434 2215 καὶ
1481 2161 1662 2224 εὐθὺς
1705 2158 1777 2212 δο

236 2248 414 2309 {deret
453 2251 658 2306 αὐτόν.
701 2253 790 2315 ’ος
840 2251 1088 2306 ἐντεῦθεν
1140 2248 1280 2306 εἶναι
1325 2253 1513 2323 δῆλον,
1560 2254 1642 2304 ὅτι
1696 2253 1808 2312 τοῖς

238 2341 384 2410 ὑπὲρ
411 2342 612 2412 ἀρετῆς
642 2342 981 2414 παθήμασιν,
1011 2345 1436 2398 ἐπακολουθοῦσι
1466 2344 1536 2397 τά
1563 2342 1682 2396 θεῖα
1710 2360 1809 2411 χιι-

240 2450 502 2502 ρεσματα.

312 2607 415 2675 στ’.
449 2610 594 2671 Ἕως
623 2610 714 2663 τὸν
737 2611 795 2663 ὲν
838 2612 916 2682 τῷ
946 2612 1094 2683 ῥητῷ
1126 2612 1187 2683 (i)
1213 2611 1309 2682 τῆς
1372 2612 1532 2679 ἁγίας
1590 2609 1813 2679 Γραφῆς

240 2699 508 2762 ποικίλως
557 2700 644 2753 διὰ
663 2700 773 2753 τῶν
811 2704 1149 2772 αἰνιγμάτων
1184 2700 1652 2771 σεσωματωμὲνον
1681 2700 1813 2771 ὀρῶ-

242 2811 348 2863 μεν
380 2794 471 2845 τὸν
516 2793 609 2846 τοῦ
638 2792 773 2847 Θεοῦ
821 2797 1016 2863 Λόγον,
1061 2794 1212 2848 ιῠπω
1246 2795 1334 2847 τὸν
1379 2794 1668 2863 ἀσώματον
1719 2793 1813 2845 καὶ

239 2884 452 2938 ἁπλοῦν
485 2886 575 2938 καὶ
619 2886 817 2938 ἑνιαϊον
849 2887 941 2938 καὶ
985 2886 1175 2956 μόνον,
1215 2886 1291 2949 ὡς
1324 2887 1381 2937 ὲν
1414 2886 1691 2954 ἀσωμάτῳ
1719 2884 1814 2936 καὶ

242 2976 407 3046 ἁπλῷ
434 2978 529 3030 καὶ
564 2976 752 3047 ὲνιαίῳ
780 2978 874 3030 καὶ
925 2978 1070 3048 μόνῳ
1105 2976 1218 3047 Υἱῷ
1261 2978 1466 3047 νοητῶς
1509 2975 1816 3045 τεθεάμεθα

239 3067 488 3135 Πατέρα,
547 3066 689 3119 κατὰ
730 3066 791 3119 τὸ
822 3105 838 3130 ,
880 3067 944 3120 '0
995 3068 1264 3135 ἑωρακὼς
1303 3068 1406 3135 ἐμὲ
1456 3067 1678 3135 ἑώρακε
1711 3067 1818 3119 τὸν

240 3159 500 3228 Πατέρα.
543 3162 694 3215 Καί·
738 3162 884 3231 Ἐγὼ
908 3162 977 3215 ἐν
1024 3160 1103 3227 τῷ
1155 3162 1367 3231 "arpi,
1400 3163 1499 3216 καὶ
1551 3164 1583 3215 ὁ
1618 3160 1816 3229 Πατὴρ

1906 1976 1999 2030 Ait
2025 1976 2172 2029 enim
2193 1975 2454 2029 Dominus
2484 1976 2548 2030 ad
2575 1976 2881 2045 passionem
2907 1977 3112 2032 vadens
3146 1996 3159 2031 :
3190 1978 3343 2033 Nunc
3367 1978 3478 2035 cla-

1908 2069 2145 2135 ri/icatus
2176 2076 2251 2120 est
2296 2067 2460 2120 Filius
2516 2068 2758 2134 hominis,
2800 2077 2848 2121 et
2884 2067 3024 2123 Deus
3053 2068 3376 2137 cluriﬁcatus
3404 2078 3479 2126 est

1908 2154 1961 2212 in
1991 2174 2069 2211 eo.
2115 2157 2173 2211 Si
2199 2158 2337 2210 Deus
2366 2157 2686 2224 clari/iratus
2722 2167 2797 2212 cst
2824 2159 2878 2211 in
2910 2174 2991 2221 eo,
3019 2167 3068 2211 et
3111 2158 3249 2212 Deus
3282 2158 3483 2227 clariﬁ-

1908 2250 2043 2303 cabit
2092 2266 2210 2301 eum
2266 2249 2321 2300 in
2384 2249 2698 2319 semetipso,
2747 2257 2795 2302 et
2852 2251 3096 2303 continuo
3161 2248 3482 2317 clariﬁcabit

1909 2356 2031 2393 eum
2057 2338 2123 2391 ³ο.
2147 2337 2217 2392 Ut
2243 2337 2369 2392 inde
2391 2339 2567 2407 palam
2597 2346 2784 2407 queat,
2828 2337 3015 2394 divina
3042 2354 3274 2393 munera
3323 2340 3481 2393 labo-

1912 2446 2000 2484 res
2034 2429 2286 2483 coniitari
2339 2444 2480 2499 quos
2533 2416 2758 2483 virtutis
2807 2444 2972 2485 causa
3026 2431 3383 2497 sustinemus,
3419 2445 3484 2485 ac

1910 2537 2201 2577 aerumnas.

1983 2615 2067 2669 75.
2102 2612 2356 2678 Quandiu
2381 2612 2436 2666 in
2466 2627 2635 2666 sacra:
2671 2611 2972 2682 Scriptura:
2999 2614 3186 2669 littera
3219 2614 3369 2669 varie
3387 2630 3486 2684 per

1910 2702 2199 2774 aanigmata
2252 2702 2346 2756 Dei
2384 2701 2708 2757 Sermonem
2758 2709 3112 2772 corporatum
3167 2703 3483 2768 cernimus,

1912 2794 2157 2849 nondum
2197 2795 2583 2863 incorporeum
2614 2792 3033 2863 simplicemque
3064 2793 3395 2865 singularem
3423 2809 3486 2848 ac
3574 2848 3578 2855 ,

1914 2886 2161 2948 unicum,
2198 2885 2348 2938 velut
2386 2885 2439 2937 in
2476 2883 2803 2952 incorporeo
2830 2891 2886 2938 et
2918 2884 3155 2955 simplici
3182 2899 3247 2938 ac
3291 2883 3482 2955 singu-

1914 2977 2015 3032 lari
2036 2986 2200 3046 atquc
2232 2975 2397 3030 unico
2429 2975 2587 3040 Filio,
2614 2974 2855 3029 vidimus
2882 2963 3125 3041 Patrem,
3160 2976 3314 3045 juxta
3335 2976 3482 3045 quod

1916 3071 2178 3139 scriptum
2202 3076 2285 3122 est
2312 3084 2325 3120 :
2352 3066 2454 3132 Qui
2494 3068 2620 3121 vidit
2654 3083 2763 3130 me,
2792 3067 2920 3120 vidit
2950 3077 2999 3119 et
3029 3065 3247 3120 Patrem
3284 3067 3351 3122 ³¹.
3380 3067 3482 3122 Et:

1919 3162 2031 3231 Ego
2056 3160 2110 3213 in
2138 3159 2322 3221 Patre,
2359 3168 2407 3212 et
2424 3158 2586 3211 Pater
2612 3159 2667 3211 in
2699 3174 2781 3211 me
2802 3167 2875 3211 est
2896 3158 2959 3211 ³¹.
2986 3158 3176 3228 Magna
3211 3172 3345 3229 ergo
3382 3174 3485 3213 no-

241 3252 316 3304 ἑν
346 3227 496 3319 ἐμοί.
528 3250 737 3319 Πολλῆς
758 3227 851 3305 οῦν
873 3252 1031 3322 χρεία
1057 3253 1155 3321 τῆς
1178 3227 1510 3321 ἐπὶστήμης,
1538 3250 1677 3303 ὥστε
1704 3227 1812 3301 δια-

1919 3227 2005 3306 Ιιίἐ
2033 3267 2172 3321 opus
2198 3250 2419 3305 solertia
2449 3260 2553 3313 est,
2594 3258 2653 3302 ut
2678 3250 2960 3319 perruptis
2994 3227 3152 3319 prius
3186 3227 3485 3305 verborum

240 3338 444 3401 δόντας
470 3340 733 3410 πρότερον
768 3340 838 3393 τά
884 3339 1014 3409 περὶ
1042 3340 1131 3393 τὸν
1160 3340 1331 3407 Λόγον
1388 3340 1496 3392 τῶν
1557 3324 1817 3409 ῥημάτων

242 3430 605 3502 καλύμματα,
637 3430 779 3485 οὕτω
830 3432 1019 3500 γυμνῷ
1061 3430 1138 3500 τῷ
1168 3429 1247 3482 νοῒ
1277 3430 1513 3502 καθαρὸν
1532 3432 1693 3482 αὐτὸν
1734 3431 1817 3498 ἐφ’

244 3522 448 3575 ἑαυτὸν
482 3522 694 3575 ἑστῶτα
730 3522 1028 3575 θεάσασθαι
1058 3520 1216 3592 [unus
1239 3521 1366 3590 Reg.
1390 3521 1696 3592 τεθεᾶσθαι]
1727 3522 1818 3574 τὸν

243 3614 444 3681 Λόγον,
487 3613 576 3665 τὸν
598 3614 656 3665 ἐν
685 3612 865 3682 ἑαυτῷ
894 3612 1079 3681 σαφῶς
1108 3613 1182 3675 ὡς
1250 3612 1469 3680 ἐφικτὸν
1513 3612 1818 3683 ἀνθρώποις

241 3705 344 3757 τὸν
370 3703 585 3773 Πατέρα
617 3703 922 3757 δεικνύντα.
958 3705 1156 3772 Διόπερ
1186 3704 1401 3771 ἀνάγκη
1446 3704 1536 3756 τὸν
1580 3703 1818 3766 εὐσεϐῶς

243 3793 343 3846 ⁶τὸν
376 3792 507 3845 Θεὸν
543 3790 926 3859 ἐπιζητοῦντα,
956 3791 1147 3862 μηδενὶ
1192 3792 1510 3858 κρατεῖσθαι
1537 3794 1707 3862 ῥητῷ,
1735 3793 1820 3845 ἵνα

248 3887 331 3957 μὴ
361 3885 482 3938 ἀντὶ
515 3884 671 3947 Θεοῦ,
699 3885 768 3938 τὰ
793 3884 920 3955 περὶ
942 3883 1076 3937 Θεὸν
1102 3883 1242 3955 λάθῃ
1265 3883 1442 3937 λαϐών
1473 3901 1486 3915 ·
1522 3886 1817 3947 τουτέστιν,

243 3977 374 4030 ἀντὶ
393 3974 485 4029 τοῦ
540 3975 843 4044 Δόγου,τὰ
886 3976 1024 4046 ῥητά
1067 3975 1308 4046 στέργων
1351 3975 1667 4044 ἐπισφαλῶς
1723 3976 1820 4044 τῆς

244 4068 493 4138 ΓραφῖΚ,
514 4067 606 4121 τοῦ
637 4068 812 4134 Λόγου
832 4067 1183 4137 διαφυγόντος
1212 4066 1302 4118 τὸν
1328 4066 1452 4119 νοῦν
1500 4068 1563 4118 ἐκ
1593 4066 1701 4119 τῶν
1728 4084 1824 4119 πε-

248 4159 611 4232 ριϐλημάτων
628 4160 851 4231 κρατεῖν
878 4159 1141 4212 δοκοῦντα
1166 4158 1256 4211 τὸν
1281 4157 1573 4226 ἀσώματον
1604 4159 1775 4226 Λόγον
1804 4177 1818 4191 ο

246 4253 396 4306 κατά
438 4268 502 4319 γε
542 4251 641 4322 τὴν
674 4249 999 4317 Αἰγυπτίαν,
1030 4249 1129 4319 τὴν
1174 4248 1248 4319 μὴ
1288 4246 1382 4300 τοῦ
1420 4248 1643 4320 Ἰωσὴφ,
1688 4249 1823 4303 ἀλλὰ

244 4342 363 4395 τῶν
412 4328 598 4394 αὑτοῦ
631 4340 1032 4410 ἐπιλαϐομένην
1100 4340 1331 4409 ἱματίων
1359 4355 1374 4372 ο
1406 4340 1514 4404 ,καὶ
1558 4342 1681 4403 τοὺς
1717 4357 1823 4392 πα-

246 4433 438 4497 λαιοὺς
468 4430 790 4502 ἀνθρώπους
813 4469 828 4495 ,
857 4432 903 4484 οἱ
936 4430 1072 4504 μόνῃ
1103 4434 1169 4501 τῇ
1210 4432 1514 4503 εὐπρεπείᾳ
1541 4433 1648 4486 τῶν
1689 4434 1823 4505 όρω-

1918 3342 2329 3411 intcgumentis,
2358 3343 2503 3395 circa
2540 3341 2862 3396 Sermonem
2889 3357 2985 3396 seu
3008 3342 3243 3397 Verbum
3270 3352 3485 3396 exstan-

1919 3434 2065 3489 tibus
2114 3434 2403 3503 ipsumque
2454 3416 2951 3497 convestientibus,
2988 3432 3067 3487 sic
3112 3432 3260 3487 nuda
3302 3442 3487 3488 mente

1920 3526 2098 3595 ipsum
2134 3526 2187 3578 in
2217 3540 2275 3578 se
2301 3541 2499 3594 purum
2546 3540 2644 3594 per
2673 3540 2731 3578 se
2760 3525 3113 3580 exsistciitem
3139 3525 3484 3589 Sermonem,

1920 3619 2097 3687 ipsum
2144 3617 2198 3669 in
2249 3632 2308 3670 se
2345 3617 2514 3680 clare,
2551 3615 2731 3685 quoad
2783 3617 3111 3671 mortalibus
3166 3631 3486 3671 concessum

1917 3718 2038 3771 est,
2086 3707 2303 3761 Patrem
2355 3707 2757 3782 ostendeiitem,
2788 3707 3091 3762 videamus.
3122 3706 3486 3773 Quamobrem

1919 3811 2143 3852 necesse
2169 3804 2272 3861 est,
2309 3805 2369 3850 ut
2398 3796 2492 3865 qui
2529 3795 2700 3849 Deum
2736 3796 2823 3865 pie
2851 3797 3079 3865 quierit,
3113 3795 3249 3850 nulli
3284 3796 3489 3875 haereat

1918 3888 2118 3943 litterae
2153 3886 2368 3951 cortici,
2397 3902 2465 3941 ne
2501 3902 2601 3955 pro
2632 3886 2765 3949 Deo,
2798 3902 2919 3955 qua:
2948 3893 3075 3941 sunt
3099 3885 3245 3941 circa
3274 3885 3444 3940 Deum
3471 3926 3487 3950 ,

1922 3978 2244 4048 imprudens
2294 3986 2506 4042 sumat;
2558 3992 2627 4031 ne
2679 3977 2890 4031 scilicet
2919 3975 3204 4031 Sermonis
3231 3976 3352 4031 loco
3388 3991 3489 4032 seu

1920 4069 2089 4126 Verbi
2117 4067 2229 4140 (τοῦ
2259 4069 2453 4139 Λόγου)
2484 4068 2783 4138 Scripturae
2813 4077 3071 4122 contexta
3104 4068 3272 4123 verba
3299 4082 3490 4122 errore

1921 4161 2301 4230 amplectatur,
2334 4158 2598 4214 Sermone
2628 4161 2747 4229 ipso
2794 4173 2861 4213 ac
2911 4160 3091 4215 Verbo
3118 4168 3360 4213 mentem
3397 4158 3491 4215 iu—

1922 4251 2107 4321 giente
2139 4266 2152 4301 :
2181 4264 2302 4318 quae
2319 4248 2575 4303 videlicet
2606 4264 2675 4303 ex
2706 4248 3068 4311 indumentis,
3104 4248 3493 4318 incorporeum

1924 4354 1981 4394 se
2008 4338 2325 4393 Sermonem
2355 4347 2539 4392 tenere
2578 4338 2901 4402 arbitretur,
2924 4338 3067 4391 haud
3090 4352 3250 4392 secus
3280 4353 3344 4393 ac
3368 4352 3495 4390 mu-

1924 4429 2025 4483 lier
2056 4429 2146 4482 illa
2178 4427 2429 4499 Egyptia
2458 4444 2580 4497 quae
2609 4444 2719 4482 non
2756 4429 3079 4499 Josephum,
3128 4428 3224 4483 sed
3252 4431 3371 4499 ejus
3395 4445 3496 4499 ap.

252 4526 438 4596 μένων
474 4523 948 4593 ὲναπομείναντες,
972 4522 1162 4576 ἔλαθον
1188 4524 1252 4593 τῇ
1281 4523 1822 4596 κτίσειλατρεύοντες

1927 4520 2222 4592 prehendit
2270 4521 2498 4576 lacinias
2546 4523 2977 4589 vestium”;ac
3026 4525 3171 4579 sicut
3203 4524 3491 4579 hominum

253 4615 411 4686 παρὰ
444 4614 537 4668 τὸν
561 4614 844 4668 κτίσαντα.

327 4879 421 4932 οδ¹.
464 4878 523 4930 '0
548 4877 643 4947 τῆς
668 4876 830 4945 ἁγίας
858 4876 1081 4947 Γραφῆς
1111 4876 1288 4945 λόγος,
1324 4876 1467 4930 κατὰ
1510 4877 1675 4948 μέρος
1720 4882 1831 4943 τοῖς

336 5032 380 5064 ’⁸
405 5031 562 5088 Joan.
594 5029 709 5098 xiii,
740 5031 830 5085 20.
908 5031 952 5063 ³⁸
980 5030 1115 5085 ibid.
1156 5030 1244 5084 51.

336 5177 411 5248 (Ii)
447 5175 564 5239 Τὴν
592 5174 717 5248 τῆς·
750 5175 1039 5248 ἀπαθείας
1063 5172 1459 5248 ’κομιζόμενος
1481 5244 1490 5248 Δ
1502 5174 1697 5241 χάριν,
1728 5174 1842 5239 τὴν

255 5243 577 5307 ἀπάθειαν,
617 5244 984 5297 universalius
1021 5243 1112 5297 hic
1146 5245 1313 5297 sumit
1354 5244 1643 5307 Maximus,
1690 5254 1743 5298 ct
1780 5255 1841 5298 iit

257 5318 432 5373 etiam
458 5314 858 5370 immunitatem
888 5313 1022 5367 dicit
1049 5329 1078 5366 a
1108 5314 1330 5367 virtutis
1363 5314 1651 5366 laboribus
1681 5315 1837 5367 vitic-

301 5403 372 5441 ue
400 5385 696 5449 aerumnis;
732 5392 787 5437 et
821 5400 932 5437 non
948 5383 1123 5436 solum
1151 5399 1180 5437 a
1206 5383 1689 5452 perturbationum
1713 5385 1838 5438 libi-

301 5406 372 5441 UC
400 5406 696 5449 arumnis;
732 5406 787 5437 ει
822 5406 932 5437 non
948 5406 1123 5436 δυΙυΙΙΙ
1151 5406 1180 5437 il
1208 5406 1689 5452 perturuauunum
1714 5406 1837 5438 ΙΙυΙ-

257 5406 567 5524 diuumque
590 5454 875 5517 molestia;
903 5470 1010 5524 qua
1067 5462 1248 5506 tamen
1288 5454 1590 5524 praecipue
1619 5453 1837 5509 divino-

261 5543 389 5581 riim
443 5524 923 5591 contemplationis
950 5523 1244 5576 illustratio
1277 5523 1433 5591 (ipsa
1485 5523 1685 5577 divina:
1726 5525 1836 5578 cla-

197 5634 204 5642 .
264 5596 449 5649 ritatis
474 5594 856 5663 participatum
887 5608 1086 5645 munus
1113 5591 1137 5663 )_
1168 5591 1379 5661 ἀπαθὴς
1432 5592 1509 5647 illi
1575 5594 1782 5663 dicitur
1816 5612 1831 5660 ;

262 5680 431 5734 quam
466 5661 533 5716 (id
567 5661 861 5734 passionem
890 5664 1082 5716 vadens
1106 5661 1498 5734 Dominus,_éizi
1557 5662 1617 5713 τὸ
1664 5664 1833 5728 πάθος

263 5731 581 5804 ἔρχόμενος,
615 5733 740 5804 sibi,
759 5734 1030 5804 nobisque
1073 5731 1466 5804 post_ulav_i':rit3

342 5800 412 5876 (ἱ)
442 5804 594 5869 Ἕως
649 5803 755 5857 τοῦ
801 5804 869 5855 ἐν
925 5800 1004 5867 τῷ
1043 5800 1223 5869 ῥητῷ.
1300 5801 1395 5854 Est
1447 5801 1607 5858 Marci
1662 5803 1826 5874 capit.

1927 4609 2107 4679 prisca
2142 4617 2293 4673 aetas,
2324 4624 2445 4677 quae
2476 4608 2531 4662 in
2556 4609 2885 4664 sola'rerum
2917 4610 3093 4666 oculis
3120 4612 3495 4680 expositarum

1932 4698 2090 4769 503
2122 4698 2524 4769 magniﬁcentia
2564 4701 2869 4763 immorata,
2918 4715 3030 4755 non
3059 4701 3295 4756 advertit
3344 4718 3500 4757 crea-

1931 4801 2069 4844 turae
2091 4806 2147 4845 se
2180 4792 2364 4860 potius
2392 4792 2619 4854 servire,
2649 4808 2811 4861 quam
2834 4792 3081 4847 Creatori
3108 4796 3172 4847 ³⁴.

2004 4882 2089 4936 74.
2127 4882 2308 4937 Sacrie
2344 4882 2640 4951 Scriptura:
2670 4898 2871 4948 sermo,
2904 4883 3324 4939 sublimioribus
3363 4900 3500 4961 pan;

1321 5031 1363 5063 ³¹
1397 5031 1552 5086 Joan.
1585 5049 1691 5099 xiv,
1722 5034 1773 5088 9.

1915 5034 2050 5090 ibid.
2083 5035 2167 5090 l0.
2245 5036 2449 5091 "Gen.
2481 5054 2661 5103 XXXIX,
2700 5038 2783 5092 1‘2.
2857 5039 2902 5069 "
2935 5039 3090 5093 Rom.
3112 5040 3258 5105 1,25.

1948 5176 2226 5248 νηπικῶν
2255 5176 2429 5248 21,γὶῐι
2469 5184 2714 5248 quotum
2743 5185 2922 5248 textus
2960 5176 3087 5230 Pico
3129 5177 3358 5236 laborat.
3392 5187 3505 5234 tum

1949 5246 2063 5316 ipse
2080 5264 2109 5301 a
2132 5264 2190 5301 se
2207 5247 2403 5300 menda
2426 5246 2743 5300 cumulavit.
2773 5247 2886 5300 Nec
2921 5261 3145 5301 necesse
3167 5248 3377 5315 singula
3400 5250 3485 5304 dis
3501 5282 3515 5290 -

1946 5326 2156 5371 cutcre.
2217 5316 2462 5370 Sulﬁciat
2501 5317 2647 5387 illitis
2679 5317 2870 5387 mutila
2917 5325 2971 5369 et
3000 5326 3331 5387 praepostera
3385 5336 3508 5373 cuin

1944 5388 2150 5442 nostris
2180 5387 2411 5455 integris
2449 5386 2707 5454 sanisque
2739 5386 3029 5450 conferre;
3079 5386 3132 5439 in
3163 5388 3365 5455 quibus
3397 5390 3517 5442 elu-

1944 5467 2049 5516 cet.
2110 5466 2223 5510 tiiin
2287 5457 2452 5509 Marci
2502 5456 2610 5509 alta
2663 5456 2957 5525 theologia,
3008 5466 3122 5509 tum
3174 5456 3390 5510 Maximi
3427 5460 3517 5527 ju-

1944 5527 2149 5580 dicium
2201 5536 2257 5580 et
2296 5526 2555 5597 solertia;
2625 5527 2718 5593 qui
2792 5535 3049 5597 tanquam
3104 5526 3334 5597 geminis
3394 5526 3517 5597 pol-

1941 5596 2275 5659 clierriiiiis,
2341 5596 2454 5666 illis
2504 5595 2672 5648 Marci
2723 5594 3035 5664 capitibus,
3090 5610 3187 5666 sua
3251 5594 3516 5666 base—pu-

1940 5667 2140 5746 tavcrit
2170 5665 2399 5746 di'tanda
2429 5679 2557 5720 vere
2588 5667 2883 5735 γνωστικά,
2909 5679 2972 5719 ac
3002 5664 3288 5736 sapientiae
3306 5664 3517 5736 plenis-

1937 5752 2073 5791 snna
2119 5747 2315 5806 capita.
