4192 6436
783 405 916 474 uso
1821 374 1832 386 ”
1927 400 1988 459 s.
2037 397 2323 460 suum
2360 396 2865 458 mxsessoms
3865 394 4006 458 uso

781 517 932 571 latim
957 510 1278 567 notionibus
1309 508 1617 577 sensisque,
1656 520 1852 560 eorum
1885 521 2006 576 qua:
2044 506 2102 559 in
2130 519 2199 559 eo
2221 519 2342 559 eor-
2369 509 2415 562 Δ

2369 509 2415 562 Δ
2441 504 2792 574 ὑψηλοτέροις
2824 507 3060 576 νοήμασι
3093 505 3189 576 τὴν
3221 507 3334 559 τῶν
3360 506 3450 559 ἀπ’
3471 505 3622 575 αὐτῷ
3675 508 4006 574 magnai;

781 604 1043 677 poraliter
1100 603 1223 656 ﬁcta
1264 601 1546 662 dicuntur,
1598 598 2053 668 compositionem
2105 611 2336 659 exuens,

2437 595 2924 665 διαπεπλασμένων
2953 599 3133 667 ῥητῶν
3153 599 3518 664 transigam;
3553 595 3825 659 σύνθεσιν,
3843 597 3922 658 ὥς
3947 602 4006 646 iv

783 708 1041 765 tanquam
1082 696 1135 748 in
1165 708 1295 747 voce
1324 707 1471 745 aurae
1503 692 1686 745 tenuis
1711 691 1985 744 exsistens
2021 690 2088 752 ⁸⁸,
2127 689 2341 758 perspi-

2438 688 2590 754 φωνῇ
2620 684 2794 757 αὔρας
2825 687 3027 756 λεπτῆς
3052 688 3309 757 ὑπάρχων
3334 687 3612 740 δείκνυται
3643 685 3725 753 τῷ
3760 686 4008 754 διορατι-

781 785 986 840 caciori
1024 783 1192 838 menti
1232 783 1575 846 ostenditur;
1606 782 1657 835 ei
1690 781 1945 834 nimirum
1980 795 2104 849 qua:
2126 794 2340 834 summe

2439 779 2663 847 κωτέρῳ
2691 779 2774 830 νοΐ
2797 794 2811 806 ·
2841 778 2919 847 τῷ
2948 779 3036 831 διὰ
3066 778 3168 848 τὴν
3194 778 3374 847 ἀκραν
3396 778 3680 845 ἀπόλειψιν
3715 777 3826 829 οὖν
3860 783 4007 829 κατά

782 893 899 930 eam
921 873 1300 929 deﬁcientibus
1319 872 1656 927 naturalibus
1670 870 2099 940 operationibus,
2117 884 2338 925 sensum

2439 867 2601 935 φύσιν
2633 869 2943 936 ένεργειιῖν,
2975 868 3227 938 αἴσθησιν
3262 869 3426 938 μόνον
3463 869 3744 938 δυνηθέντι
3793 867 4005 926 λάξ-ι,

782 964 1042 1016 duntaxat
1088 962 1364 1030 percipere
1413 958 1607 1027 potuit,
1653 959 1771 1028 ejus
1811 959 2193 1027 simplicitatis,
2230 970 2339 1025 qua

2437 963 2537 1030 τῆς
2587 959 2678 1012 τὸν
2723 961 2894 1027 Λόγον
2934 959 3114 1023 ποσῶς
3177 960 3492 1028 μηνυούσης
3519 962 3841 1027 ἁπλότητος,
3863 977 4006 1010 κατ]

785 1054 862 1106 illi
884 1053 1076 1106 Sermo
1112 1052 1228 1120 (seu
1268 1051 1525 1119 Verbum)
1566 1050 1829 1118 tantisper
1854 1049 2160 1111 indicatur;
2194 1047 2340 1100 haud
2438 1077 2440 1086 ι

2438 1053 2528 1104 τὸν
2555 1052 2727 1120 μέγαν
2772 1051 2954 1105 Ἠλίαν
2978 1053 3068 1105 τὸν
3089 1055 3146 1105 tv
3170 1052 3248 1121 τῷ
3546 1051 3748 1121 Χωρὴσ
3799 1051 4007 1113 ταύτης

784 1160 942 1199 secus
984 1160 1047 1198 ac
1091 1157 1316 1211 magnus
1357 1142 1523 1204 Elias,
1561 1143 1649 1195 cui
1708 1143 1762 1193 in
1812 1155 1976 1209 specu
2023 1139 2340 1201 ﬂorebjlla

2439 1139 2738 1203 ἀξιωθέντα
2797 1141 2896 1206 τῆς
2961 1141 3158 1209 ὅψεως.
3213 1139 3417 1211 Χωρὴσ
3471 1140 3580 1207 γάρ
3637 1139 4006 1210 ἑρμηνεύεται

783 1233 922 1286 visio
949 1230 1159 1299 obtigit.
1200 1227 1378 1282 llorch
1407 1231 1575 1291 enim,
1620 1229 1664 1280 si
1701 1243 1898 1280 nomen
1942 1225 2337 1296 interpreteris,

2440 1229 2813 1303 rec-imitatus
2845 1231 2976 1300 Reg.
2998 1231 3221 1301 νόημαῙ,
3253 1232 3391 1299 ὅπερ
3413 1232 3559 1282 ἐστὶν
3592 1232 3627 1299 ἡ
3651 1231 3804 1295 ἐντῷ
3835 1228 4007 1295 και-κζ)

789 1322 977 1376 navale
1008 1328 1111 1381 est,
1141 1319 1288 1388 quod
1325 1320 1586 1372 virtutum
1620 1319 1859 1380 habitus,
1892 1319 1947 1371 in
1975 1333 2117 1372 novo
2157 1318 2342 1388 gratia:
2441 1341 2444 1352 ·

2441 1319 2710 1388 πνεύματι
2734 1321 2834 1388 τῆς
2875 1321 3095 1387 χάριτος
3136 1321 3248 1385 ῑξις
3275 1320 3384 1372 τῶν
3411 1319 3644 1388 ἀρετῶν.
3667 1319 3742 1369 τὸ
3771 1318 3830 1370 δὲ
3863 1319 4007 1383 sti;-

787 1413 981 1480 spiritu
1022 1420 1123 1463 est.
1168 1409 1374 1478 Specus
1413 1420 1618 1473 autem,
1652 1410 1868 1463 occulta
1907 1411 2089 1462 animo
2127 1418 2214 1462 est
2252 1424 2339 1462 sa-
2440 1408 2442 1416 “

2440 1407 2612 1470 λαιον,
2640 1409 2673 1477 ἡ
2705 1412 2802 1479 τῆς
2825 1409 3016 1477 σοφίας
3037 1411 3153 1460 ἐστὶ
3179 1411 3323 1462 κατά
3346 1409 3468 1462 νοῦν
3489 1410 3807 1478 κρυφιότης·
3829 1416 3888 1464 tv
3921 1402 3954 1478 ᾗ
3981 1410 4008 1458 ὁ

787 1499 1003 1569 pientis:
1031 1497 1262 1560 latebra,
1291 1497 1549 1565 illiusque
1579 1499 1729 1551 velut
1762 1498 2021 1568 adytum;
2055 1511 2217 1565 quam
2245 1495 2340 1564 qui
2441 1519 2442 1528 ι

2441 1498 2752 1568 γενόμενος,
2778 1500 2873 1568 τῆς
2905 1500 3048 1570 ὑπὲρ
3073 1501 3325 1568 αἴσθησιν
3370 1499 3648 1568 μυστικῶς
3683 1498 4006 1565 αίσθήσεται

788 1587 1065 1657 ingressus
1101 1585 1284 1649 fuerit,
1317 1586 1625 1649 scientiam,
1661 1603 1780 1654 qua:
1808 1601 2024 1640 omnem
2048 1592 2342 1654 exsuperat
2440 1608 2443 1616 ι

2440 1586 2713 1655 γνώσεως,
2743 1591 2800 1639 tv
2919 1589 3135 1656 λέγεται
3171 1589 3457 1657 τυγχάνειν
3498 1590 3529 1640 ό
3560 1588 3715 1651 Θεὸς.
3751 1589 3868 1648 Πᾶς
3909 1582 4007 1637 οὖν

789 1693 1009 1733 sensum
1038 1677 1101 1739 ⁸⁸,
1135 1676 1358 1746 mystice
1388 1674 1718 1744 persentiet;
1756 1675 1809 1727 in
1836 1691 1940 1743 qua
1968 1674 2114 1728 Deus
2141 1673 2343 1726 dicitur
2443 1699 2444 1705 η

2443 1681 2583 1732 κατὰ
2621 1678 2715 1731 τὸν
2755 1679 2929 1747 μέγαν
2964 1678 3150 1732 Ἠλίαν
3183 1679 3362 1748 ζητῶν
3395 1679 3611 1748 ἀληθῶς
3636 1679 3730 1730 τδν
3756 1680 3910 1739 Θεδν.
3939 1677 4003 1728 οὐ

788 1771 1073 1825 exsistere.
1120 1767 1376 1837 Quisquis
1413 1782 1544 1836 ergo
1593 1767 1764 1820 instar
1795 1767 1971 1836 magni
2004 1765 2134 1820 Elia:
2172 1766 2342 1819 Deum

2449 1769 2608 1838 μόνον
2623 1771 2680 1822 tv
2707 1769 2908 1840 Χωρὴὸ
2933 1773 3225 1841 γενήσεται
3257 1786 3272 1800 ·
3307 1770 3621 1834 τουτέστιν,
3655 1770 3732 1832 ὡς
3771 1785 4007 1838 πρακτι-

787 1875 914 1914 vere
937 1858 1153 1926 quaerit,
1181 1873 1287 1910 non
1313 1864 1522 1910 tantum
1550 1871 1608 1910 se
1633 1856 1688 1909 in
1719 1856 1897 1910 Horeb
1925 1855 2170 1910 conferet
2196 1854 2340 1921 (tan-
2372 1843 2414 1898 Β

2372 1843 2414 1898 Β
2442 1861 2537 1922 κὸς
2562 1862 2621 1914 tv
2644 1864 2711 1931 τῇ
2735 1859 2846 1925 ἕξει
2865 1861 2974 1913 τῶν
2989 1863 3201 1932 ἀρετῶν
3223 1879 3237 1892 ·
3273 1861 3416 1915 ἀλλά
3441 1863 3538 1914 καὶ
3567 1865 3625 1914 tv
3644 1862 3724 1928 τῷ
3753 1861 4007 1928 miihi)

787 1963 948 2017 quam
973 1949 1181 2002 scilicet
1208 1948 1301 2017 qui
1336 1948 1534 2002 actioni
1559 1947 1795 2012 studeat;
1826 1948 2089 2001 virtutum
2110 1946 2342 2015 arripiet

2442 1950 2520 2021 τῷ
2546 1953 2603 2005 tv
2635 1951 2855 2022 Χωρήό⁸
2886 1953 3184 2018 τουτέστιν,
3217 1955 3292 2016 ὡς
3317 1955 3652 2023 θεωρητικὸς
3675 1955 3738 2006 tv
3767 1955 3837 2024 τῇ
3871 1970 4007 2022 κρυ-

790 2040 1083 2106 habitum),
1114 2054 1304 2091 verum
1338 2038 1501 2093 etiam
1529 2039 1584 2092 in
1613 2053 1830 2108 specum
1858 2039 1911 2091 in
1955 2036 2136 2092 Horeb
2183 2037 2344 2091 sitam
2443 2063 2445 2082 ι

2443 2039 2655 2108 φιότητι
2676 2039 2776 2110 τῆς
2814 2041 3001 2111 σοφίας
3029 2044 3096 2114 τῇ
3126 2044 3184 2094 tv
3214 2043 3350 2112 μόνῃ
3402 2040 3743 2111 sanavqu
3787 2044 3857 2111 τῇ
3892 2042 4007 2106 {est

790 2128 1084 2197 pervadet;
1115 2136 1367 2196 tanquam
1387 2127 1597 2180 scilicet
1627 2125 2075 2194 contemplationi
2103 2123 2340 2188 deditus,
2440 2126 2549 2182 τῶν
2576 2127 2808 2193 ἀρετῶν.

792 2218 844 2272 in
873 2218 1151 2286 sapientia:
1192 2216 1453 2270 latebram
1505 2216 1794 2284 sinumque
1830 2214 2179 2284 penitiorem,
2222 2227 2345 2284 qua

791 2303 846 2357 in
876 2305 1138 2357 virtutum
1171 2302 1435 2356 duntaxat
1467 2301 1658 2354 habitu
1697 2299 1881 2355 sedem
1916 2299 2134 2354 habeat.

855 2396 942 2449 75.
966 2395 1103 2448 Tum
1127 2393 1307 2447 clarus
1336 2393 1581 2447 veritatis
1629 2407 1808 2446 sermo
1840 2391 2020 2444 animo
2044 2391 2343 2458 illucescet,

2514 2375 2605 2432 στ’.
2640 2378 2809 2431 Ὀταν
2836 2379 2864 2432 ὁ
2895 2377 3016 2442 νοῦς
3065 2378 3164 2442 τὰς
3200 2378 3549 2448 ὶπικειμένας
3599 2379 3752 2449 αὑτῷ
3805 2377 4010 2440 πολλὰς

788 2501 933 2540 vera:
969 2487 1019 2538 ei
1051 2486 1292 2539 scientiae
1318 2484 1645 2542 documenta
1676 2481 1948 2552 prmbens,
1977 2481 2209 2550 vitaeque
2248 2497 2342 2536 su-

2444 2471 2571 2541 περὶ
2604 2469 2712 2523 τῶν
2737 2470 2908 2522 ὄντων
2931 2471 3273 2540 ὲκτινάξηται
3301 2471 3478 2536 δόξας,
3506 2471 3627 2523 τότε
3657 2471 3832 2540 σαφὴς
3858 2469 4013 2536 αὐτῷ

789 2575 1020 2646 perioris
1048 2587 1444 2644 squammarum
1469 2586 1619 2626 more
1656 2571 1710 2625 in
1737 2586 1804 2626 eo
1830 2579 2185 2641 praesumptas
2222 2569 2344 2639 Opi-
2442 2585 2444 2596 ι

2442 2563 2540 2632 τῆς
2567 2561 2819 2631 ἀληθείας
2839 2563 2867 2613 ὁ
2891 2561 3046 2628 λόγος
3100 2563 3489 2630 ἀναφαίνεται,
3520 2562 3693 2624 διδοὺς
3728 2560 3879 2630 αὺτῷ
3905 2562 4012 2625 τῆς

789 2666 983 2719 nioncs
1021 2663 1119 2717 abs
1155 2663 1494 2733 spiritalibus
1533 2661 1708 2716 oculis
1745 2660 2042 2730 depellens,
2069 2675 2193 2714 cum
2226 2661 2274 2714 is
2313 2675 2344 2713 a
2442 2677 2444 2694 ε

2442 2652 2609 2713 ὅντως
2632 2650 2883 2718 γνώσεως
2907 2651 3008 2713 τάς
3053 2649 3471 2720 ὑποθήκας,καὶ
3522 2649 3620 2710 τὰς
3672 2647 3861 2718 πρώην
3915 2647 4014 2698 ἐπ’

791 2772 864 2811 se-
884 2757 1151 2810 haerentes
1179 2755 1282 2808 sibi
1327 2754 1654 2822 multiplices
1688 2752 1993 2820 opiniones,
2038 2751 2119 2804 uti
2159 2766 2217 2805 se
2256 2767 2344 2806 res
2445 2771 2446 2788 ι

2445 2740 2593 2810 αὑτῷ
2639 2738 2935 2810 προλήψεις
2980 2741 3111 2792 ὡσεὶ
3153 2739 3370 2801 λεπίδας
3416 2738 3524 2791 τῶν
3560 2738 3801 2791 ὀπτικιῖη
3842 2738 4013 2789 δυνα-

793 2848 847 2901 ln
875 2847 1060 2901 divino
1088 2861 1387 2916 magnoque
1421 2845 1665 2914 apostolo
1707 2844 1874 2898 Paulo
1910 2843 2121 2906 habuit,
2153 2825 2346 2897 excus-
2447 2885 2448 2898 χ

2447 2848 2592 2902 μεων
2643 2830 3050 2899 ἀπωθούμενος,
3078 2830 3216 2884 κατά
3255 2830 3346 2882 τὸν
3375 2828 3665 2883 θεσπέσιον
3707 2830 3800 2882 καί
3833 2829 4017 2898 μέγαν

793 2938 928 2992 xerit
955 2937 1025 2989 ".
1057 2937 1218 2990 Plane
1245 2936 1391 2990 enim
1427 2950 1721 3004 squamma:
1760 2941 1888 2988 sunt
1923 2933 2089 2986 animi
2127 2932 2347 2986 lumini-

2455 2921 2774 2975 Ἀπόστολον
2812 2920 3046 2974 Παῦλον.
3071 2920 3302 2983 Δεπίδες
3336 2920 3444 2990 γάρ
3476 2922 3634 2980 εἰσιν.
3665 2921 3741 2982 ὡς
3767 2920 4015 2990 ἀληθῶς.

793 3028 897 3082 bus
932 3028 1219 3090 haerentes,
1258 3028 1466 3096 nitique
1512 3042 1575 3080 ac
1613 3040 1921 3080 commeare
1959 3023 2026 3078 ad
2067 3024 2345 3078 sincerum
2445 3017 2448 3062 ί

2445 3013 2788 3082 ἐπικείμεναι
2822 3012 2898 3082 τῷ
2929 3010 3223 3080 διορατικῷ
3247 3010 3346 3079 τῆς
3370 3010 3564 3080 ψυχῆς,
3593 3011 3689 3064 καὶ
3713 3012 4018 3080 ἀπείργου-

792 3115 1042 3171 veritatis
1091 3131 1396 3170 sermonem
1444 3113 1837 3184 prohibentes,
1892 3119 2005 3165 tum
2048 3111 2146 3166 soli
2193 3111 2344 3167 Scri-
2373 3162 2416 3184 Α

2373 3162 2416 3184 Α
2449 3121 2536 3156 σαι
2562 3103 2659 3174 τὴν
2686 3103 2818 3172 πρὸς
2840 3103 2930 3156 τὸν
2952 3101 3226 3172 ἀκραιφνῆ
3253 3102 3354 3171 τῆς
3385 3101 3644 3172 ἀληθείας
3688 3101 3866 3170 λόγον,
3889 3102 4017 3154 διὰ-

792 3162 2021 3278 ptumlitteraejusquevrelutcorticiaddicta:
2036 3201 2342 3271 opiniones,
2370 3162 2416 3222 ο
2445 3215 2447 3234 ¹

2370 3162 2416 3222 c
2445 3162 2628 3262 6ασιν,
2649 3195 2710 3248 αῖ
2730 3162 2954 3265 ἰιιι-πρὸς
3065 3162 3226 3264 ῥητὸν
3248 3162 3408 3265 μένον
3434 3162 3532 3262 si};
3556 3162 3776 3263 Γραφῆς
3805 3162 4023 3266 ὑπολής

795 3306 910 3350 tum
945 3310 1124 3349 rerum
1153 3293 1564 3362 aspectabilium
1600 3306 1767 3346 sensu
1804 3299 1964 3346 tenus
1989 3305 2113 3344 cum
2146 3289 2344 3346 aﬂectu
2443 3305 2450 3334 ι

2443 3288 2587 3356 ψεις,
2625 3286 2722 3339 καὶ
2750 3285 2857 3340 τῶν
2896 3286 3188 3357 ὁρωμένων
3221 3285 3278 3339 αἱ
3317 3287 3435 3337 κατ’
3466 3284 3716 3356 αίσθησιν
3761 3302 4023 3357 προσπαρ-

792 3398 858 3439 ac
885 3383 1110 3437 libidine
1133 3390 1402 3451 usurpatae
1425 3383 1683 3436 visiones.
2446 3401 2447 3408 η

1174 3390 1402 3451 surpatae
1425 3383 1683 3436 visiones.
2446 3379 2558 3442 θεῖς
2588 3379 2829 3450 θεωρίαι.

863 3490 948 3543 76.
985 3489 1211 3543 Divinus
1241 3489 1459 3557 quidem
1499 3489 1777 3558 apostolus
1818 3489 2040 3554 Paulus,
2084 3505 2152 3545 ex
2194 3498 2346 3559 parte

2519 3469 2626 3535 ος·’.
2658 3474 2675 3491 ⁶
2713 3472 2771 3524 ὐ
2821 3470 2918 3541 μὲν
2956 3469 3098 3532 θεῖος
3138 3468 3456 3533 Ἀπόστολος
3503 3467 3732 3533 Παῦλος,
3756 3469 3858 3540 τὴν
3915 3468 4021 3522 τοῦ

793 3597 852 3636 se
878 3581 1044 3636 Verbi
1086 3581 1448 3652 cognitionem
1491 3590 1709 3634 nactum
1747 3595 1869 3634 esse
1898 3581 1976 3634 ait
2002 3580 2081 3646 ⁸⁸;
2121 3597 2347 3652 magnus
2447 3608 2448 3615 ι

2447 3561 2621 3630 Λόγου
2646 3561 2866 3628 γνῶσιν,
2893 3563 2958 3613 ὲκ
2997 3561 3194 3631 μέρους
3223 3559 3326 3629 ἔφη
3348 3559 3654 3627 γινώσκειν.
3697 3560 3758 3613 Ὀ
3802 3560 3864 3614 δὲ
3919 3560 4021 3629 pb

793 3687 925 3726 vero
972 3650 1207 3726 Joannes
1246 3671 1595 3741 evangelista,
1635 3673 1752 3742 ejus
1785 3686 1843 3726 se
1880 3672 2105 3741 gloriam
2145 3650 2347 3728 vidisse
2445 3671 2448 3682 ⁴

2445 3667 2546 3720 γας
2570 3651 2956 3721 εὐαγγελιστὴς
2996 3651 3249 3722 Ἰωάννης
3287 3650 3573 3704 τεθεᾶσθαι
3612 3651 3759 3718 λέγει
3781 3650 3887 3721 τὴν
3919 3652 4024 3703 αὖ·

793 3761 944 3815 dicit.
989 3759 1216 3814 Vidimus
1248 3740 1415 3822 enim,
1463 3740 1921 3831 inqltit,vgloriam
1959 3763 2092 3832 ejus,
2123 3762 2347 3833 gloriam
2445 3762 2448 3777 ¹

2445 3741 2539 3795 τοῦ
2559 3740 2731 3805 δόξαν.
2762 3741 3162 3810 Ἐθεασάμεθα
3185 3741 3315 3812 γὰρ,
3342 3743 3525 3811 φησὶν,
3552 3741 3666 3808 τὴν
3683 3740 3880 3804 δόξαν
3904 3744 4020 3795 αὺ-

794 3852 949 3922 quasi
979 3851 1238 3921 Unigeniti
1258 3868 1287 3903 α
1306 3849 1484 3913 Patre,
1505 3850 1716 3919 plenum
1743 3853 1928 3921 gratia:
1957 3831 2004 3905 et
2027 3831 2262 3907 veritatis
2280 3854 2343 3908 ".
2445 3853 2449 3864 “

2445 3833 2572 3896 τοῦ,
2601 3831 2789 3896 δόξαν
2819 3834 2898 3898 ὡς
2917 3831 3294 3900 Μονοτενοῦς
3323 3833 3480 3900 παρὰ
3496 3832 3746 3899 Πατρός,
3772 3831 4025 3900 πλήρης

795 3940 935 3994 Num
999 3955 1132 3994 vero
1193 3948 1415 3994 sanctus
1465 3939 1682 4008 quidem
1749 3940 1996 4005 Paulus,
2064 3957 2129 3997 ex
2195 3953 2346 4012 parte
2447 3983 2450 3993 .

2447 3923 2691 3993 χάριτος
2720 3923 2818 3976 καί
2862 3923 3169 3989 ἀληθείας.
3213 3923 3320 3980 Καὶ
3383 3925 3592 3992 μήποτε
3620 3924 3647 3974 ὁ
3703 3923 3805 3992 μὲν
3858 3923 4022 3990 ἅγιος

796 4040 1015 4082 nactum
1046 4044 1102 4082 se
1130 4028 1415 4082 scientiam
1434 4027 1591 4092 dixit,
1632 4036 1886 4096 tanquam
1914 4029 2008 4083 Dei
2037 4030 2241 4085 Verbi?
2273 4031 2348 4086 Ex
2449 4059 2451 4067 ι

2449 4016 2656 4077 Παῦλος
2708 4016 2806 4085 τὴν
2861 4015 2935 4078 ὠς
2973 4014 3107 4068 Θεοῦ
3139 4013 3312 4082 Λόγου
3343 4013 3544 4081 γνῶσιν
3574 4015 3636 4070 ἔκ
3669 4015 3878 4083 μέρους
3906 4016 4023 4084 ἔφη

795 4120 1206 4189 operationibus
1229 4119 1376 4172 enim
1407 4133 1625 4187 quoquo
1662 4119 1823 4172 modo
1852 4120 2028 4173 solum
2060 4121 2343 4176 noscitur:
2446 4125 2450 4138 ‘

2446 4104 2754 4174 γινώσκειν.
2786 4106 2880 4158 Ἐκ
2929 4105 3040 4176 γάρ
3088 4105 3196 4158 τῶν
3243 4103 3564 4175 ἐνεργειῶν,
3616 4104 3801 4170 ποσῶς
3853 4106 4023 4176 μόνον

796 4202 997 4272 quippe
1030 4215 1154 4255 cum
1179 4201 1318 4269 ejus,
1349 4199 1492 4268 quod
1530 4199 1598 4253 ad
1629 4201 1921 4255 essentiam
1956 4202 2346 4256 substantiam-
2447 4215 2451 4226 '

2447 4197 2793 4266 γινώσκεται.
2837 4197 2902 4251 Ἦ
2966 4198 3075 4270 γὰρ
3130 4198 3218 4250 ἐπ’
3247 4196 3394 4266 αὐτῷ
3443 4196 3564 4251 κατ’
3587 4197 3778 4249 οὐσίαν
3805 4214 3870 4250 τι
3921 4199 4024 4251 καί

796 4307 903 4362 quo
941 4299 1168 4360 spectat,
1206 4291 1419 4356 notitia,
1453 4290 1614 4362 504
1653 4291 1865 4346 cunctis
1906 4293 2136 4362 perinde
2187 4308 2348 4364 ange-
2449 4309 2451 4320 '

2449 4288 2740 4343 ὑπόστασιν
2781 4289 3013 4358 γνῶσις,
3067 4289 3270 4358 ὁμοίως
3307 4289 3470 4342 πᾶσιν
3509 4288 3764 4355 ἀγγέλοις
3814 4305 3878 4342 τι
3918 4290 4024 4342 καὶ

798 4382 972 4450 lisque
1011 4389 1066 4434 et
1109 4381 1427 4436 hominibus
1463 4381 1534 4435 sit
1579 4382 1872 4448 inaccessa,
1925 4384 2074 4440 nulla
2121 4399 2348 4456 prorsus
2447 4399 2453 4426 <

2447 4376 2754 4447 ἀνθρώποις
2780 4415 2796 4440 ,
2843 4376 3180 4446 καθέστηκεν
3217 4377 3434 4439 ἄϐατος,
3475 4377 3594 4431 κατ’
3628 4377 3785 4430 οὐδὲν
3836 4377 4025 4432 οὐδενὶ

800 4472 1010 4526 ratione
1046 4471 1140 4526 ulli
1179 4472 1473 4541 explorata.
1507 4471 1738 4527 Sanctus
1773 4489 1903 4528 vero
1934 4474 2190 4539 Joannes,
2218 4491 2347 4545 per-
2381 4485 2422 4538 1)
2450 4484 2455 4496 ¹

2381 4485 2422 4538 ι)
2450 4466 2825 4536 γινωσκομένη
2851 4483 2864 4495 ·
2892 4467 2922 4518 ὁ
2961 4466 3020 4519 δὲ
3065 4466 3220 4534 ἀγιος
3251 4467 3520 4536 Ἰωάννης,
3561 4466 3768 4519 τέλειον
3818 4466 3898 4527 ὡς
3962 4470 4025 4520 tv

799 4561 960 4621 lecte,
1007 4559 1150 4628 quod
1197 4575 1517 4615 concessum
1563 4560 1880 4616 hominibus
1923 4569 2026 4626 est,
2055 4562 2221 4617 Verbi
2261 4563 2348 4617 in-
2448 4579 2454 4608 4

2448 4556 2772 4628 ἀνθρώποις,
2799 4558 2889 4610 τὸν
2916 4557 3014 4627 τῆς
3041 4557 3503 4629 ένανθρωπήσεως
3533 4556 3626 4610 τοῦ
3658 4557 3840 4626 Λόγου
3873 4576 4026 4630 μυη-

799 4648 1167 4702 carnationem
1210 4649 1458 4711 edoctus,
1508 4649 1733 4718 gloriam
1791 4665 1872 4718 se,
1921 4651 2078 4720 quasi
2130 4665 2349 4708 carnem
2449 4652 2454 4690 ⁴

2449 4646 2563 4709 θεὶς
2589 4648 2766 4715 λόγον,
2799 4649 2897 4718 τὴν
2929 4648 3005 4710 ὡς
3049 4648 3225 4719 σάρκα
3253 4649 3423 4717 Λόγον
3468 4647 3625 4713 δόξαν
3675 4648 3781 4719 ίφη
3822 4649 4027 4704 τεθεᾶ-

801 4739 1062 4803 Verbum,
1099 4740 1176 4792 ait
1210 4738 1586 4808 conspexisse;
1620 4754 1834 4809 nempe,
1863 4739 2066 4795 vidisse
2094 4757 2152 4796 se
2181 4741 2351 4796 ratio-
2451 4761 2456 4786 ι

2451 4737 2575 4792 σθαι
2599 4754 2612 4768 ·
2647 4738 2912 4804 τουτέστι,
2945 4738 3035 4792 τδν
3058 4739 3236 4807 λόγον,
3275 4741 3442 4810 ἤγουν
3491 4739 3584 4793 τὸν
3632 4741 3860 4803 σκοπὸν,
3889 4742 4025 4796 καθ’

801 4844 924 4883 nem
974 4836 1029 4881 et
1071 4827 1254 4892 linem,
1306 4827 1610 4882 secundum
1652 4845 1814 4898 quem
1860 4830 2004 4885 Deus
2051 4829 2228 4885 factus
2267 4841 2353 4887 est
2449 4828 2456 4877 ἰ

2449 4827 2509 4880 ὃν
2529 4829 2558 4880 ὁ
2577 4827 2708 4892 Θιὺς
2736 4830 2957 4898 γέγονεν
2978 4828 3283 4900 ἄνθρωπος,
3313 4828 3490 4902 πλήρη
3531 4831 3755 4901 χάριτος
3784 4832 4025 4887 ἐθεάσα-

803 4919 986 4982 homo,
1017 4918 1235 4987 plenum
1277 4919 1461 4988 gratia:
1507 4927 1564 4972 et
1602 4919 1867 4973 veritatis.
1902 4919 2023 4974 Non
2059 4920 2206 4974 enim
2244 4935 2352 4990 qua
2452 4935 2458 4950 ι

2452 4935 2533 4980 το,
2574 4917 2670 4970 καὶ
2718 4917 2990 4987 ἀληθείας.
3022 4917 3098 4972 Οὐ
3144 4917 3252 4989 γὰρ
3280 4918 3399 4971 καθ’
3422 4919 3452 4970 ὃ
3479 4919 3596 4972 κατ’
3630 4920 3822 4973 οὐσίαν
3856 4921 4023 4983 Θεὸς,

801 5009 1012 5062 ratione
1037 5009 1333 5088 secundum
1359 5010 1648 5064 essentiam
1670 5010 1832 5072 Deus,
1857 5011 2210 5082 ejusdemque
2227 5027 2352 5067 cum
2454 5030 2456 5061 τ

2454 5010 2545 5064 καὶ
2571 5009 2649 5079 τῷ
2671 5009 2789 5079 θεῷ
2811 5010 2982 5081 Harp}.
3011 5009 3291 5080 ὸμοούσιος
3318 5012 3346 5064 ὁ
3362 5011 3670 5082 Μονογενὴς
3707 5014 4029 5084 κεχαρίτω-

803 5099 961 5154 Patre
999 5098 1251 5152 assentire
1288 5108 1392 5161 est,
1431 5098 1759 5169 Unigenitus
1793 5101 1966 5168 gratia
2006 5111 2200 5156 auctus
2233 5112 2351 5169 est;
2451 5121 2458 5136 ι

2451 5119 2563 5166 ται,
2589 5100 2724 5154 ἀλλά
2761 5099 2884 5154 καθ’
2907 5101 2936 5152 ὃ
2961 5099 3120 5169 φύσει
3147 5100 3262 5154 κατ’
3281 5103 3590 5172 οἰκονομίαν
3643 5103 3900 5170 γέγονεν,
3933 5105 4030 5157 ἁν-

803 5186 898 5241 sed
937 5204 1044 5257 qua
1074 5189 1283 5242 ratione
1317 5188 1498 5242 altiori
1537 5189 1767 5243 consilio
1815 5204 1879 5244 ac
1921 5189 2351 5259 dispensatione,
2454 5195 2458 5231 ι

2454 5189 2669 5261 θρωπος
2719 5189 2813 5242 καὶ
2853 5191 2988 5259 ἡμῖν
3035 5189 3433 5259 ὀμοούσιος,-δι’
3469 5192 3619 5261 ἡμᾶς
3645 5192 4030 5265 κεχαρίτωται

805 5276 979 5333 factus
1011 5285 1096 5332 est
1125 5277 1290 5331 homo
1329 5283 1523 5331 natura
1559 5277 1910 5348 ejusdemque
1947 5279 2230 5337 nobiscum
2265 5295 2354 5335 es-
2454 5297 2460 5313 ι

2454 5278 2578 5342 τοὺς
2611 5278 2905 5350 χρῄζοντας
2947 5280 3165 5350 χάριτος
3195 5296 3210 5312 ·
3253 5282 3346 5336 καὶ
3369 5283 3435 5335 ἐκ
3488 5281 3584 5335 τοῦ
3645 5268 4030 5353 πληρώματος

804 5368 1012 5433 scn'tize,
1038 5383 1122 5431 ea,
1158 5376 1383 5438 propter
1419 5382 1541 5432 nos,
1573 5367 1664 5435 qui
1701 5368 1873 5438 gratia
1901 5383 2146 5438 egemus,
2174 5385 2351 5440 exque
2454 5399 2459 5419 ι

2454 5369 2622 5424 αὑτοῦ
2651 5369 2940 5433 διαπαντὸς
2962 5371 3103 5425 κατά
3152 5373 3332 5426 πᾶσαν
3355 5373 3514 5443 ἡμῶν
3561 5373 3853 5446 προκοπὴν
3923 5377 4032 5445 τὴν

797 5460 918 5529 ejus
956 5472 1171 5528 semper
1213 5457 1552 5528 plenitudine
1593 5459 1649 5514 in
1695 5459 1844 5514 omni
1880 5459 2128 5528 profectu
2165 5469 2354 5516 nostro

2457 5460 2823 5530 ἀναλογοῦσαν
2875 5461 3194 5533 δεχομένους
3228 5463 3407 5535 χάριν.
3442 5463 3599 5518 Ὥστε
3643 5466 3673 5518 ὁ
3718 5465 3815 5522 τὸν
3860 5466 4033 5538 λόγον

872 5613 917 5645 ⁸⁸
945 5611 1011 5668 lll
1034 5612 1169 5685 Reg.
1207 5629 1314 5678 xtx,
1343 5613 1429 5667 l2.
1505 5611 1550 5644 ⁸⁸
1577 5611 1812 5683 Philipp.
1838 5628 1910 5682 tv,
1941 5615 1995 5671 7.
2074 5615 2117 5648 ⁸⁷
2147 5614 2268 5672 Act.
2297 5630 2372 5685 lx,
2399 5615 2489 5671 18.
2563 5616 2607 5650 ⁸⁸
2639 5617 2815 5676 lCor.
2846 5635 2959 5686 xm,
2989 5620 3042 5676 9.
3118 5621 3162 5655 ⁸⁸
3186 5621 3341 5679 Joan.
3368 5637 3407 5686 ι,
3432 5621 3520 5678 id.

870 5731 892 5754 °
911 5728 994 5786 Cf.
1019 5729 1218 5796 Quaest.
1242 5729 1276 5784 9
1301 5729 1370 5785 ad
1400 5727 1757 5786 Thalassium.
