4192 6436
234 386 368 458 1161

1041 393 1381 459 CAPITUM
1417 392 1685 454 THEOL.
1727 392 1822 453 ET
1860 392 2095 455 (ECON.
2136 397 2524 491 QENTURIA
2561 402 2644 462 II.

3361 409 3495 476 1162

232 511 437 562 τελειον
488 509 545 562 ιν
600 508 781 580 ἑαυτῷ
805 509 1100 599 ᾳφυλάξας,
1124 510 1392 583 ἀϐέϐηλον
1439 513 1534 565 τοῦ
1571 511 1808 580 δι’ὴμᾶς

1915 516 2333 571 convenientem
2388 520 2620 589 gratiam
2675 519 2995 592 recipimus,
3038 525 3229 598 gratia.
3257 529 3494 590 donatus

233 599 613 669 σαρκωθέντος
645 599 782 654 Θεοῦ
812 601 989 668 Λόγου
1009 641 1024 666 ,
1055 601 1155 673 τὴν
1190 602 1375 673 πλήρη
1441 602 1662 672 χάριτος
1692 601 1813 652 ’καὶ

230 693 490 762 ἀληθείας
523 694 814 762 κομίσεται
844 693 1022 759 δόξαν,
1052 694 1148 748 τοῦ
1188 695 1258 748 δι’
1289 696 1438 765 ἡμᾶς
1469 696 1659 748 ἑαυτὸν
1691 691 1813 744 καθ’

230 786 384 854 ἡμᾶς
419 785 742 852 δοξάσαντός
771 803 830 840 τε
852 787 947 840 καὶ
966 785 1294 854 ἀγιάσαντος
1324 787 1462 864 κατά
1505 785 1604 856 τὴν
1647 784 1812 839 αὑτοῦ

232 877 560 947 παρουσίαν.
596 877 786 933 Ὅταν
816 879 946 948 γὰρ,
979 878 1163 949 φησὶν,
1195 877 1423 942 ἐκεῖνος
1471 873 1811 945 φανερωθῇ,

232 969 425 1040 ὅμοιοι
465 972 625 1039 αὐτῷ
645 973 925 1041 ἐσόμεθα.

305 1233 402 1295 οἵ.
434 1233 579 1298 Ἕως
612 1235 645 1305 ἡ
671 1235 842 1307 ψυχὴ,
875 1237 975 1308 τὴν
1005 1237 1114 1291 ἀπὸ
1137 1238 1422 1309 δυνάμεως
1448 1239 1528 1301 είς
1555 1238 1809 1308 δύναμιν,

227 1325 330 1379 καὶ
391 1326 490 1398 τὴν
537 1328 648 1380 ἀπὸ
693 1327 854 1398 δόξης
880 1331 962 1393 εἰς
994 1329 1152 1395 δόξαν
1187 1331 1422 1383 ποιεῖται
1470 1329 1770 1399 μετάὸασιν
1796 1346 1809 1360 ’

227 1417 505 1480 τουτέστι,
557 1418 658 1488 τὴν
712 1421 823 1472 ἀπὸ
887 1421 1090 1491 ἀρετῆς
1159 1423 1239 1485 είς
1302 1421 1505 1493 ἀρετὴν
1583 1422 1813 1498 μείζονα

228 1511 541 1578 προκοπὴν,
577 1510 675 1563 καὶ
720 1510 820 1581 τὴν
857 1510 966 1566 ἀπὸ
1007 1513 1263 1580 γνώσεως
1301 1514 1382 1576 είς
1428 1513 1630 1580 γνῶσιν
1672 1511 1810 1582 ὑψη-

226 1594 455 1669 λοτέραν
483 1599 770 1666 ἀνάϐασιν,
807 1602 910 1654 οὐκ
941 1603 1221 1656 ἐπαύσατο
1254 1603 1598 1674 παροικοῦσα
1621 1641 1636 1666 ,
1667 1603 1813 1657 κατά

228 1689 294 1741 τὸ
332 1691 624 1761 εἰρημένον
649 1707 664 1722 ·
722 1696 935 1748 Πολλὰ
991 1695 1354 1764 παρῴκησεν
1393 1697 1431 1765 ἠ
1472 1697 1643 1766 ψυχή
1669 1715 1808 1766 μου.

230 1779 376 1834 Πολὺ
406 1780 515 1851 γάρ
545 1784 662 1834 ἐστι
691 1781 754 1835 τὸ
784 1783 1078 1855 διάστημα,
1103 1785 1196 1837 καὶ
1225 1786 1286 1838 τὸ
1303 1785 1506 1857 πλῆθος
1533 1786 1643 1838 τῶν
1665 1788 1811 1855 ὀφει-

228 1871 439 1926 λουσῶν
479 1873 608 1945 παρ’
635 1875 807 1944 αὐτῆς
833 1875 1155 1946 διαϐαθῆναι
1201 1879 1484 1946 γνὼσεων,
1513 1879 1706 1950 μέχρις
1748 1874 1809 1932 οῦ

228 1961 604 2018 διελεύσεται
632 1967 704 2019 ἐν
729 1968 891 2034 τόπῳ
923 1970 1161 2037 σκηνῆς
1182 1970 1554 2040 θαυμαστῆς,
1580 1971 1690 2039 ἕως
1706 1973 1811 2027 τοῦ

228 2054 405 2109 οἴκου
424 2057 532 2110 τοῦ
550 2059 718 2112 Θεοῦ·
751 2059 822 2112 ἐν
847 2059 1020 2129 φωνῇ
1051 2062 1466 2130 ἀγαλλιάσεως
1489 2063 1587 2117 καί
1607 2065 1812 2134 ἐξομο-

227 2150 562 2220 λογήσεως,
582 2153 738 2223 ἤχου
771 2153 1151 2222 ἐορτὰζοντος
1177 2173 1190 2186 ⁸
1217 2156 1306 2210 ἀεὶ
1351 2161 1574 2226 φωναῖς,
1607 2159 1809 2228 φωνὴν,

230 2249 472 2316 νοεραῖς,
513 2247 705 2316 νοερὰν
744 2248 1103 2319 προστιθεῖσα
1129 2253 1196 2322 τῇ
1231 2254 1485 2322 προκοπῇ
1519 2251 1628 2304 τῶν
1651 2251 1812 2304 θείων

232 2338 626 2410 θεωρημάτων,
647 2341 786 2410 μετά
805 2341 903 2412 τῆς
923 2342 1063 2395 κατά
1087 2343 1210 2395 νοῦν
1227 2344 1319 2396 ἐπὶ
1334 2347 1444 2408 τοῖς
1461 2344 1812 2416 θεωρηθεῖσιν

228 2431 628 2499 ἀγαλλιάσεως,
664 2434 834 2504 ἦγουν
883 2437 1094 2505 χαρᾶς,
1128 2439 1222 2490 καὶ
1279 2438 1379 2507 τῆς
1435 2439 1810 2511 ἀναλογούσης

230 2524 610 2594 εὐχαριστίας.
632 2525 905 2590 Τοιαύτας
938 2527 1048 2598 γὰρ
1077 2529 1396 2600 ἑορτάζουσι
1423 2530 1645 2595 πάντες,
1677 2533 1726 2584 οἱ
1751 2533 1812 2586 τὺ

233 2615 459 2685 Πνεῦμα
493 2618 592 2686 τῆς
616 2618 840 2687 χάριτος
864 2619 1167 2690 εἰληφότες,
1185 2622 1255 2675 ἐν
1281 2622 1409 2688 ταῖς
1424 2623 1694 2692 καρδίαις
1708 2627 1814 2679 αὐ-

229 2707 353 2761 τῶν
382 2707 628 2778 κράζων-ο
676 2711 872 2773 Ἀὄὸίὶ,
906 2715 940 2766 ό
961 2709 1186 2779 Πατήρ.

303 2889 405 2961 οη’.
452 2891 511 2945 '0
537 2892 636 2962 τῆς
669 2892 989 2964 θαυμαστῆς
1007 2895 1227 2965 ⁸σκηνῆς
1261 2895 1446 2962 τόπος,
1471 2898 1567 2951 καὶ
1595 2899 1813 2971 ἀπαθής

234 2984 355 3037 ἐστι
402 2985 498 3037 καὶ
534 2987 776 3056 ἀπήμων
820 2986 934 3052 est;
976 2987 1087 3041 τῶν
1140 2989 1352 3059 ἀρετῶν
1377 3006 1390 3020 ο
1418 2990 1540 3043 καθ’
1563 2991 1632 3062 ἢν
1663 2993 1693 3045 δ
1718 2991 1812 3046 τοῦ

232 3073 373 3126 Θεοῦ
398 3077 682 3145 γινόμενος
706 3078 900 3145 Λόγος,
917 3079 1196 3150 διαφόροις
1229 3080 1439 3150 ἀρετῶν
1469 3081 1692 3136 κάλλεσι
1716 3101 1814 3138 κα-

1915 612 2018 657 est.
2054 602 2265 660 Idcirco
2292 609 2388 676 qui
2425 611 2724 680 perfectam
2757 612 2814 668 in
2846 613 3034 685 seipso
3064 617 3334 674 rationem
3376 637 3496 678 ser-

1917 699 2159 764 vaverit,
2194 699 2683 758 incontaminatam
2730 722 3036 778 puramque
3073 710 3170 765 Dei
3195 712 3359 768 Verbi
3393 731 3497 786 pro

1916 785 2076 840 nobis
2111 787 2402 855 incarnati,
2442 791 2658 862 plenam
2687 796 2875 864 gratia:
2900 806 2956 851 et
2985 799 3240 857 veritatis
3262 785 3492 874 gloriam

1917 881 2254 949 reportabit;
2295 884 2418 954 ejus
2462 885 2728 940 nimirum
2770 888 2865 957 qui
2902 891 3080 945 nostri
3123 908 3291 950 causa
3330 896 3496 953 nobis

1916 970 2114 1026 similis
2159 974 2215 1026 in
2256 990 2356 1030 suo
2399 977 2640 1034 adventu
2685 979 2803 1050 ipse
2852 996 2912 1036 se
2959 990 3016 1036 et
3061 984 3390 1043 elariﬁcavit
3437 998 3496 1044 et

1916 1062 2284 1119 sanetiﬁcavit
2316 1066 2383 1120 ⁸ο.
2426 1067 2558 1124 Cum
2589 1071 2736 1125 enim
2767 1071 2880 1139 ille,
2918 1073 3122 1144 inquit,
3159 1083 3493 1149 apparuerit,

1915 1153 2115 1208 similes
2150 1157 2198 1209 ei
2232 1159 2427 1213 erimus
2455 1160 2520 1214 δ’.
2952 1222 2954 1225 .

1941 1258 1950 1264 ·
1987 1245 2076 1298 77.
2101 1245 2355 1312 Quandiu
2373 1252 2588 1306 animus
2609 1253 2676 1307 de
2699 1255 2902 1312 virtute
2930 1257 2988 1311 in
3004 1258 3288 1326 virtutem,
3314 1262 3494 1334 deque

1915 1337 2161 1392 claritate
2187 1340 2254 1415 in.
2272 1344 2577 1398 claritatem
2609 1348 2836 1413 transit,
2866 1350 2973 1404 hoc
2995 1363 3100 1417 est,
3129 1353 3198 1408 ad
3229 1357 3494 1426 majorem

1914 1428 1984 1483 de
2011 1430 2215 1486 virtute
2240 1433 2294 1487 in
2319 1435 2578 1490 virtutem
2607 1438 2937 1508 profectum,
2963 1441 3140 1512 deque
3170 1445 3399 1501 scientia
3425 1448 3495 1503 ad

1915 1521 2203 1578 scientiam
2227 1526 2477 1581 ascendit
2509 1529 2786 1596 altiorem,
2820 1533 3055 1586 necdum
3088 1533 3253 1588 tinem
3290 1536 3496 1591 incola-

1916 1622 2006 1669 tus
2029 1615 2180 1680 fecit,
2213 1619 2368 1688 juxta
2401 1621 2546 1687 quod
2580 1623 2847 1690 scriptum
2889 1633 2975 1678 est
3005 1641 3018 1676 :
3054 1624 3284 1680 Multum
3318 1627 3495 1682 incola

1920 1706 2017 1774 {uit
2056 1711 2238 1762 anima
2278 1727 2393 1763 mea
2428 1711 2494 1763 δ’.
2539 1711 2723 1783 Longa
2767 1713 2916 1767 enim
2957 1714 3218 1770 distantia
3261 1725 3364 1783 est,
3412 1719 3498 1772 in-

1918 1813 2160 1868 gensque
2208 1800 2285 1852 illi
2323 1803 2635 1871 superanda
2665 1804 2986 1860 notitiarum
3033 1822 3099 1861 ac
3135 1807 3494 1865 scientiarum

1916 1892 2096 1959 copia,
2130 1891 2309 1945 donec
2337 1901 2572 1947 transeat
2604 1897 2659 1948 in
2695 1896 2864 1952 locum
2895 1898 3225 1954 tabernaculi
3259 1902 3498 1957 admira-

1913 1982 2053 2046 bilis,
2096 2000 2259 2054 usque
2297 1985 2367 2039 ad
2402 1988 2616 2040 domum
2651 1988 2774 2054 Dei;
2806 1993 2860 2043 in
2890 2008 3010 2044 voce
3048 1993 3415 2050 exsultationis
3444 2004 3495 2050 et

1914 2073 2278 2142 confessionis,
2314 2079 2518 2131 sonitus
2553 2078 2816 2148 cpulantis
2849 2081 2922 2145 “;
2957 2090 3018 2135 ut
3048 2098 3267 2152 semper
3299 2102 3491 2143 vocem

1915 2165 2175 2230 vocibus,
2237 2167 2600 2240 intelligentis
2657 2172 2826 2227 animi
2882 2188 3070 2229 vocem
3133 2175 3492 2248 intelligentis

1914 2257 2080 2310 animi
2101 2259 2332 2314 vocibus
2351 2260 2664 2316 divinorum
2690 2263 2938 2332 profectu
2965 2269 3492 2337 contemplationum

1913 2362 2314 2420 sensorumque
2355 2353 2541 2417 addat,
2572 2369 2697 2407 cum
2730 2356 2955 2422 mentis,
2989 2357 3043 2412 in
3077 2359 3146 2413 iis
3175 2374 3298 2430 quae
3327 2361 3492 2416 intel-

1914 2434 2054 2489 lecta
2088 2436 2297 2492 fuerint
2325 2448 2490 2510 atque
2517 2440 2762 2511 dispecta
2791 2445 3180 2512 exsultatione,
3217 2449 3334 2504 sive
3362 2466 3496 2520 8ου-

1914 2526 2027 2591 dio,
2063 2530 2540 2609 convenientique
2597 2547 2700 2602 pro
2749 2534 2872 2604 ejus
2926 2537 3141 2591 ratione
3190 2539 3494 2609 gratiarum

1915 2607 2149 2676 actione.
2217 2623 2369 2677 Talia
2402 2624 2581 2678 enim
2655 2627 2818 2695 epula
2888 2607 3213 2697 epulantur'
3244 2630 3494 2702 festaque

1914 2724 2104 2786 agunt,
2166 2716 2486 2786 quicunque
2550 2717 2820 2787 Spiritum
2884 2721 3074 2790 gratiae
3133 2733 3493 2792 acceperunt,

1915 2808 2235 2862 clamantem
2264 2810 2321 2862 in
2341 2826 2519 2863 eorum
2538 2810 2803 2865 cordibus:
2824 2811 2991 2874 Abba,
3021 2811 3184 2865 Pater
3210 2812 3274 2867 “.

1987 2899 2074 2952 78.
2109 2899 2289 2953 Locus
2329 2899 2668 2954 tabernaculi
2701 2899 3066 2966 admirabilis,
3111 2903 3495 2971 pacatissimus

1916 2999 2004 3045 est
2030 2997 2086 3044 et
2117 2989 2377 3044 innoxius
2419 2988 2687 3042 virtutum
2725 2988 2984 3054 habitus;
3019 3004 3131 3059 quo
3171 2990 3269 3043 Dei
3301 2990 3495 3044 Sermo

1916 3081 2240 3144 adveniens,
2267 3080 2493 3136 diverso
2525 3080 2794 3135 virtutum
2830 3082 3005 3145 cultu,
3038 3081 3213 3135 instar
3241 3082 3498 3137 tabema-

230 3172 502 3240 τακοσμεῖ
553 3170 803 3242 καθάπερ
845 3173 1050 3242 σκηνὴν
1086 3173 1184 3244 τὴν
1214 3173 1414 3245 ψυχήν.
1458 3175 1516 3229 Ὀ
1567 3175 1625 3229 δὲ
1662 3172 1810 3240 οἶκος

1919 3176 2050 3240 culi,
2081 3177 2343 3246 praeclare
2394 3178 2640 3230 animum
2687 3187 2848 3231 ornat
2881 3187 3045 3247 atque
3093 3177 3340 3231 instruit.
3397 3177 3495 3232 Dei

230 3261 327 3314 τοῦ
356 3262 579 3334 Θεοῦ,ή
624 3265 688 3316 ὲκ
735 3263 946 3317 πολλῶν
997 3263 1092 3318 καὶ
1147 3265 1421 3336 διαφόρων
1473 3269 1810 3340 συγκειμένη

232 3355 608 3425 θεωρημάτων
635 3357 837 3424 γνῶσίς
872 3359 986 3410 ἐστι
1020 3375 1034 3389 ⁸
1065 3359 1188 3412 καθ’
1215 3362 1280 3432 ἢν
1304 3360 1551 3431 ἐνδημῶν
1574 3366 1641 3434 τῇ
1664 3363 1810 3435 ψυχῇ

230 3447 263 3499 ὀ
288 3447 439 3513 Θεὸς,
472 3447 566 3500 τοῦ
593 3449 692 3517 τῆς
721 3450 914 3518 σοφίας
959 3450 1238 3520 κρατῆρος
1295 3453 1698 3524 ἐμπίμπλησιν.
1749 3456 1811 3508 Ἡ

229 3541 288 3594 δὲ
316 3542 467 3612 φωνὴ
509 3543 608 3612 τῆς
649 3542 1025 3610 ἀγαλλιάσεως
1063 3546 1201 3609 ἐστι,
1243 3546 1306 3597 τὸ
1340 3547 1433 3598 ἐπὶ
1479 3547 1558 3617 τῷ
1590 3547 1809 3618 πλούτῳ

227 3634 341 3688 τῶν
375 3634 587 3706 ἀρετῶν
621 3636 718 3707 τῆς
742 3636 920 3707 ψυχῆς
951 3638 1249 3709 σκίρτημα.
1287 3639 1351 3692 Ἡ
1381 3639 1438 3693 δὲ
1477 3641 1573 3711 τῆς
1623 3641 1812 3711 ἐξομο-

228 3726 586 3798 λογήσεως,’ὴ
626 3728 719 3779 ἐπὶ
767 3730 832 3799 τῇ
868 3727 993 3800 δόξῃ
1042 3730 1143 3800 τῆς
1174 3732 1314 3784 κατὰ
1359 3731 1457 3803 τὴν
1498 3735 1690 3802 σοφίαν
1721 3736 1810 3787 εὐ-

228 3819 403 3888 ωχίας
454 3819 603 3873 ἐστὶν
639 3820 980 3893 εὐχαριστία.
1025 3822 1083 3876 Ὀ
1121 3823 1177 3876 δὲ
1212 3818 1366 3894 ἦχος,
1398 3827 1432 3897 ή
1478 3826 1537 3891 ἐξ
1583 3828 1808 3897 ἀμφοῖν,

229 3913 608 3983 ἀγαλλιάσεώς
634 3931 777 3985 φημι
803 3914 898 3968 καὶ
916 3915 1381 3986 ὲξομολογήσεως,
1409 3920 1552 3971 κατά
1574 3920 1811 3991 σύγκρα-

232 4027 320 4062 σιν
350 4009 612 4080 γινομένη
628 4009 888 4082 διηνεκὴς
918 4010 1156 4080 μυστικὴ
1177 4010 1473 4080 δοξολογία.

303 4197 400 4251 σθ’.
444 4198 504 4250 ’0
545 4195 812 4265 γενναίως
845 4194 1264 4256 καταπαλαίσας
1300 4194 1367 4248 τά
1401 4195 1550 4267 πάθη
1579 4196 1673 4249 τοῦ
1706 4197 1812 4250 σώ-

233 4309 423 4364 ματος,
454 4291 548 4344 καὶ
576 4291 689 4353 τοῖς
726 4289 1060 4359 ἀκαθάρτοις
1090 4287 1392 4358 πνεύμασιν
1428 4288 1627 4352 ἱκανῶς
1657 4289 1813 4344 πολε-

233 4381 438 4452 μήσας,
473 4380 569 4433 καὶ
595 4380 696 4449 τῆς
731 4377 926 4430 ἑαυτοῦ
973 4376 1113 4430 κατὰ
1136 4376 1316 4447 ψυχὴν
1338 4376 1522 4447 χώρας
1547 4377 1812 4443 ἐξελάσας

229 4473 412 4528 αὐτῶν
443 4471 512 4525 τὰ
541 4463 812 4542 νοήματαο
846 4467 1071 4540 καρδίαν
1106 4468 1349 4538 εὐχέσθω
1392 4468 1638 4538 καθαρὰν
1663 4467 1810 4536 αὑτῷ

1914 3277 2098 3324 autem
2132 3268 2354 3334 domus,
2398 3269 2632 3324 scientia
2669 3279 2775 3335 est,
2809 3286 2876 3324 ex
2921 3271 3109 3325 multis
3149 3271 3496 3342 diversisque

1915 3363 2277 3418 theorematis
2329 3362 2620 3432 sensisque
2667 3362 2960 3432 exquisitis
3016 3364 3340 3430 constituta,
3387 3382 3494 3434 qua

1915 3456 2061 3512 Deus
2096 3455 2294 3510 anima:
2332 3455 2618 3517 immeans,
2649 3455 2932 3524 sapientia:
2977 3470 3098 3510 eam
3145 3465 3358 3512 cratere
3397 3457 3496 3511 lm-

1912 3549 2046 3618 plet.
2083 3548 2196 3603 Vox
2224 3563 2356 3602 vero
2375 3547 2782 3610 exsultationis,
2810 3548 2978 3601 animi
2998 3548 3303 3619 tripudium
3332 3550 3494 3621 505

1912 3652 2019 3706 est,
2057 3641 2128 3695 ob
2158 3641 2428 3694 virtutum
2461 3639 2664 3693 uberes
2700 3639 2945 3694 divitias.
2989 3640 3105 3695 Vox
3139 3650 3324 3696 autem
3360 3659 3496 3697 eon-
3540 3629 3546 3636 ’

1911 3733 2192 3797 fessionis,
2245 3732 2545 3803 gratiarum
2591 3733 2736 3786 actio
2778 3747 2878 3801 pro
2917 3747 2982 3787 ea
3021 3733 3294 3798 claritate,
3329 3749 3494 3804 quam

1914 3826 2200 3896 sapientia:
2264 3824 2580 3878 convivium
2634 3823 2850 3877 tribuit.
2915 3825 3201 3879 Postremo
3255 3829 3494 3893 sonitus,

1913 3934 2036 3988 qua:
2060 3933 2127 3970 ex
2157 3926 2393 3985 utraque
2422 3916 2561 3986 (tum
2586 3915 2798 3970 scilicet
2821 3915 3192 3971 exsultatione
3217 3924 3332 3969 tum
3364 3931 3496 3971 con-

1913 4007 2176 4077 fessione)
2210 4007 2444 4076 quadam
2488 4006 2890 4075 temperatione
2929 4006 3078 4076 jugis
3111 4006 3340 4075 mystica
3373 4008 3494 4061 lau-

1911 4098 2062 4153 datio
2086 4097 2335 4167 emergit.

1985 4193 2072 4246 79.
2097 4189 2201 4255 Qui
2221 4197 2448 4242 strenue
2469 4186 2708 4256 fortique
2733 4186 2934 4241 robore
2967 4187 3217 4256 corporis
3238 4187 3495 4243 libidines

1913 4290 2078 4351 atque
2105 4279 2236 4334 vitia
2268 4278 2588 4343 debellavit,
2620 4293 2683 4332 ac
2716 4287 2984 4348 quantum
3022 4278 3157 4332 satis
3195 4280 3268 4333 sit
3300 4279 3495 4334 adver-

1915 4390 2011 4429 sus
2057 4371 2373 4426 immundos
2415 4371 2647 4440 spiritus
2695 4370 3052 4439 depugnavit,
3096 4386 3274 4440 exque
3321 4371 3493 4425 animi

1918 4468 2004 4522 sui
2063 4466 2288 4536 regione
2343 4479 2540 4517 eorum
2593 4461 2869 4532 cogitatus
2922 4463 3188 4531 expulit:
3235 4464 3497 4533 precibus

228 4564 476 4634 δοθῆναι,
512 4561 609 4615 καὶ
646 4559 863 4628 πνεῦμα
907 4558 1062 4621 εὺθὲς
1088 4559 1146 4610 ὲν
1176 4559 1288 4620 τοῖς
1326 4557 1581 4625 ὲγκάτοις
1623 4560 1814 4625 ἐγκαι..

1918 4559 2164 4614 enitatur
2183 4572 2279 4610 cor
2307 4555 2412 4610 sibi
2441 4554 2707 4609 mundum
2731 4554 2871 4617 dari,
2899 4563 2955 4609 et
2987 4556 3245 4624 spiritum
3282 4570 3495 4610 rectum
3558 4614 3562 4620 ,

229 4657 480 4727 νισθῆναι
503 4671 516 4684 ·
548 4653 815 4711 τουτέστι.
855 4651 1077 4713 τελείως
1102 4651 1209 4703 τῶν
1256 4651 1354 4720 μὲν
1389 4650 1606 4718 φαύλων
1644 4669 1811 4703 κενω-
1839 4714 1853 4724 ο

230 4751 396 4820 θῆναι
421 4747 724 4816 λογισμῶν,
754 4746 862 4798 τῶν
890 4746 949 4798 δὲ
996 4744 1156 4796 θείων
1204 4742 1424 4796 ἐννοιῶν
1456 4741 1811 4813 πληρωθῆναι

229 4842 320 4896 διὰ
350 4841 446 4910 τῆς
469 4838 725 4910 χάριτος·
762 4837 848 4889 ἵνα
901 4834 1128 4904 γένηται
1177 4834 1380 4902 κόσμος
1423 4831 1560 4885 Θεοῦ
1605 4832 1812 4902 νοητῶς

229 4932 484 5002 λαμπρός
537 4945 598 4980 τε
637 4928 732 4982 καὶ
782 4927 977 4997 μέγας,
1007 4924 1063 4990 ἐξ
1083 4923 1289 4993 ἠθικῶν
1318 4922 1412 4976 καὶ
1448 4921 1693 4992 φυσικῶν
1717 4923 1812 4976 καὶ

231 5024 562 5094 θεολογικῶν
595 5020 866 5084 συνεστὼς
898 5019 1292 5090 θεωρημάτων.

306 5213 380 5260 π’.
429 5205 488 5258 ὐ
510 5205 609 5273 τὴν
650 5200 875 5271 καρδίαν
919 5198 1166 5271 καθαρὰν
1198 5197 1591 5269 ἐργασάμενος,
1622 5196 1682 5248 οὐ
1715 5196 1812 5266 μό-

229 5317 324 5354 νον
345 5297 458 5352 τῶν
480 5293 903 5365 ὑποδεδηκότων
936 5292 1032 5345 καὶ⁵
1067 5290 1206 5360 μετά
1227 5289 1360 5343 Θεὸν
1385 5289 1653 5357 γνώσεται
1686 5288 1813 5351 τοὺς

228 5394 450 5462 λόγους,
482 5391 618 5445 ἀλλὰ
676 5390 771 5443 καὶ
805 5385 953 5456 αὑτῷ
995 5384 1178 5447 ποσῶς
1227 5384 1364 5454 μετὰ
1393 5382 1492 5452 τὴν
1536 5381 1645 5434 τῶν
1675 5381 1813 5433 ὅλων

226 5484 502 5548 διάϐασιν,
532 5483 693 5552 ἐνορᾷ
721 5497 736 5512 ’
784 5481 922 5551 ὅπερ
973 5479 1121 5531 ἐστὶν
1182 5476 1482 5546 ἀκρότατον
1516 5473 1669 5536 τέλος
1702 5473 1809 5526 τῶν

226 5576 457 5645 ἀγαθῶν
478 5591 491 5604 ·
516 5577 573 5627 ὲν
671 5572 963 5641 γενόμενος
992 5572 1019 5622 ὁ
1048 5569 1202 5632 Θεὸς,
1229 5569 1371 5632 ἀξιοῖ
1402 5567 1466 5621 τά
1495 5566 1602 5620 ἴδια
1623 5567 1807 5637 γράμ-

232 5686 382 5741 ματα
411 5667 500 5721 διὰ
523 5666 615 5720 τοῦ
646 5665 954 5734 πνεύματος
995 5660 1370 5731 ἐγχαράττειν,
1405 5657 1657 5730 καθάπερ
1701 5661 1811 5714 τισὶ

326 5785 372 5817 ⁸⁸
397 5782 554 5838 Joan.
584 5797 712 5847 xvu,
744 5779 830 5846 10,
868 5779 956 5832 19.

227 5875 262 5916 ι
315 5856 400 5910 12.

1060 5779 1102 5810 δ’
1133 5779 1148 5832 1
1175 5777 1330 5832 Joan.
1357 5792 1433 5843 ul,
1469 5775 1524 5831 ‘2.

559 5951 830 6010 ΡΑτιιοι..
865 5948 987 6008 Gn:
1019 5945 1150 6007 XC.

1634 5779 1678 5813 ¹⁵¹
1706 5783 1849 5838 Psal.
1875 5798 2018 5849 cxrx,
2053 5780 2106 5834 6.
2185 5777 2230 5810 ”
2262 5777 2404 5832 Psal.
2447 5792 2552 5841 xu,
2590 5775 2644 5828 5.

1921 4653 1977 4706 in
2015 4649 2324 4704 visceribus
2381 4648 2497 4702 suis
2546 4647 2797 4701 innovari
2840 4646 2919 4712 ui;
2965 4659 3026 4702 ut
3068 4648 3278 4702 scilicet
3315 4649 3498 4717 pravis

1920 4741 2350 4813 cogitationibus
2386 4741 2545 4810 plene
2583 4740 2874 4804 abdicatis,
2922 4738 3126 4793 divinis
3159 4741 3345 4809 gratim
3377 4756 3497 4794 tutt-

1920 4853 2054 4893 nere
2094 4836 2409 4890 rationibus
2434 4835 2767 4904 impleatur;
2808 4849 2919 4903 quo
2953 4834 3218 4888 nimirum
3255 4836 3498 4905 splendi-

1919 4929 2025 4983 dus
2067 4942 2407 4997 magnusque
2444 4927 2539 4980 Dei
2581 4928 2844 4990 mundus,
2877 4941 2946 4980 ex
2972 4926 3294 4990 moralibus,
3329 4937 3494 4981 natu-

1919 5020 2129 5074 ralibus
2161 5026 2325 5086 atque
2357 5016 2561 5070 divinis
2588 5017 2947 5072 theorematis
2971 5017 3260 5085 sensisque
3293 5016 3496 5071 consti-

1920 5118 2092 5175 tutu's,
2123 5109 2412 5166 efﬁciatur.

1989 5203 2074 5258 80.
2106 5202 2210 5269 Qui
2241 5217 2336 5256 cor
2365 5200 2634 5254 mundum
2663 5198 2922 5263 reddidit,
2957 5199 3162 5254 nedum
3193 5214 3379 5254 rerum
3408 5199 3496 5253 in-

1916 5295 2182 5350 feriorum
2227 5300 2283 5346 et
2342 5308 2462 5361 qua:
2509 5307 2536 5345 a
2584 5292 2698 5345 Deo
2748 5289 3005 5345 secunda:
3061 5297 3210 5353 sunt,
3253 5290 3496 5342 rationes

1919 5387 2227 5458 intelliget,
2271 5400 2464 5438 verum
2505 5384 2672 5438 etiam
2702 5383 2755 5436 in
2811 5383 2988 5451 ipsum
3031 5382 3206 5436 Deum
3241 5379 3497 5435 omnibus

1920 5479 2194 5549 superatis
2217 5491 2441 5547 quoquo
2481 5475 2644 5529 modo
2673 5475 2842 5528 animi
2879 5475 3099 5528 oculum
3143 5473 3371 5543 deliget;
3402 5473 3497 5542 qui

1919 5574 2193 5627 bonorum
2229 5584 2522 5639 supremus
2551 5566 2677 5621 ﬁnis
2705 5574 2791 5622 est
2832 5585 2844 5620 :
2892 5567 2981 5620 cui
3027 5580 3220 5635 nempe
3265 5565 3498 5620 illabens

1921 5666 2088 5729 Deus,
2115 5676 2246 5716 suas
2288 5661 2405 5730 ipse
2441 5660 2657 5713 litteras
2694 5659 2846 5713 velut
2884 5656 3138 5711 Mosaicis
3173 5655 3374 5710 tabulis
3401 5670 3498 5725 per

2723 5774 2768 5804 “
2803 5772 2981 5828 Galat.
3026 5787 3100 5832 tv.
3131 5772 3183 5826 6.
3258 5769 3303 5802 "
3353 5771 3499 5827 Psal.

3125 5934 3199 5993 37
