4192 6436
739 372 874 435 1163

1898 374 1954 432 S.
1999 371 2290 457 ΜΛΧΙΜΙ
2327 369 2842 432 CONFESSORIS

3875 375 4016 439 1164

730 482 998 553 Spiritum
1054 483 1366 552 insculpere
1429 482 1720 554 dignatur;
1770 491 2040 551 quantmn
2098 481 2311 537 scilicet

2419 481 2583 546 πλαξὶ
2613 483 2936 546 Μωσαῖκαῖς
2976 498 2991 513 ⁸
3014 483 3274 538 τοσοῦτον
3297 524 3312 550 ,
3340 484 3464 539 ὅσον
3509 485 3705 557 ἑαυτὴν
3742 485 3829 538 διὰ
3869 487 4017 556 πρά-

729 573 870 627 iilud
901 574 1138 628 actionis
1160 575 1310 628 cultu
1346 588 1410 628 ac
1443 573 1926 643 contemplationis
1948 574 2191 642 seipsum
2225 573 2314 626 di-

731 664 888 719 duxit
917 674 970 720 et
1001 663 1307 732 ampliavit,
1345 664 1502 733 juxta
1541 663 1689 733 quod
1721 663 1954 734 mystice
1975 671 2316 733 praeceptum

728 766 833 819 est,
869 755 1052 810 Cresce
1094 755 1159 807 “.

800 849 887 902 8|.
939 847 1047 902 Cor
1112 848 1380 903 mundum
1447 848 1586 903 forte
1650 849 1892 913 dicatur,
1954 849 2103 918 quod
2163 848 2315 902 omni

727 955 957 1010 prorsus
983 942 1222 996 naturali
1263 951 1416 997 motu
1459 943 1514 996 in
1560 957 1675 994 rem
1705 941 2010 1010 quamlibet
2037 951 2225 1008 caret;
2259 942 2316 996 in

727 1049 838 1103 quo
867 1033 1012 1090 Deus
1055 1037 1206 1092 velut
1251 1037 1437 1091 tabula
1472 1035 1701 1106 pulchre
1745 1037 1986 1106 expolita
2025 1047 2192 1107 atque
2219 1036 2319 1092 de-

728 1141 875 1191 rasa,
907 1142 967 1182 se
994 1127 1073 1184 illi
1106 1129 1413 1190 insinuans,
1447 1127 1745 1197 perscribit
1766 1143 1896 1183 suas
1925 1129 2094 1199 leges.

798 1305 888 1360 8‘2.
932 1304 1041 1360 Cor
1085 1304 1354 1359 mundum
1406 1313 1511 1368 est,
1552 1304 1700 1374 quod
1753 1305 2100 1367 memoriam,
2146 1303 2318 1358 nullis

727 1412 959 1467 prorsus
986 1413 1173 1452 rerum
1200 1398 1514 1452 simulacris
1546 1398 1852 1466 formisque
1880 1397 2171 1460 imbutam,
2201 1396 2314 1450 Deo

725 1489 994 1557 adhibet;
1019 1491 1250 1560 ejusque
1276 1490 1544 1544 duntaxat
1572 1489 1788 1552 formis,
1821 1488 2027 1557 quibus
2051 1487 2130 1541 illi
2156 1502 2310 1541 com-

727 1592 979 1652 paratum
1045 1592 1107 1637 ut
1159 1583 1251 1639 ﬁat
1314 1583 1692 1653 conspicuum,
1744 1580 1995 1650 insigniri
2051 1587 2310 1649 paratum

726 1683 832 1728 est.

797 1769 887 1823 85.
919 1765 1093 1832 Quam
1135 1763 1341 1820 Christi
1385 1772 1628 1819 mentem
1675 1764 1795 1834 (seu
1835 1761 2083 1833 sensum)
2125 1761 2303 1816 sancti

2419 573 2553 638 ξεως
2573 572 2872 626 ἐπιδέδωκε
2895 574 2990 627 καὶ
3010 572 3266 646 θεωρίας,
3293 574 3438 628 κατὰ
3453 573 3552 646 τὴν
3574 575 3654 642 τὸ,
3698 573 4013 641 Αὑξιὲνου,

2421 666 2701 736 μυστικῶς
2733 667 3065 721 κελεύουσαν
3097 669 3347 738 ἐντολήν.

2491 852 2604 900 πα’.
2641 847 2855 917 Καρδία
2912 847 3131 918 καθαρὶ
3163 849 3305 920 τάχα
3342 849 3526 922 ἐκείνη
3571 851 3807 920 λέγεται,
3834 854 3870 923 ἠ
3905 871 4016 922 μη-

2416 937 2613 1009 δεμίαν
2627 939 2826 1008 ἔχουσα
2851 940 3088 1011 φυσικὴν
3117 941 3244 995 καθ’
3282 943 3596 1014 οἰονδήποτε
3621 944 3844 1014 τρόπον,
3863 944 4014 1015 πρὸς

2415 1029 2595 1082 ὁτιοῦν
2627 1031 2842 1102 κίνησιν
2865 1049 2878 1062 ·
2915 1033 2974 1084 ἐν
3075 1032 3328 1102 καθάπερ
3359 1036 3570 1106 πτυχίῳ
3601 1035 3782 1098 καλῶς
3825 1037 4015 1088 λειαν-

2418 1123 2564 1176 οέντι
2615 1123 2706 1176 διὰ
2753 1123 2854 1195 τὴν
2913 1125 3092 1194 ἄκραν
3135 1124 3417 1197 ἁπλότητα
3471 1128 3754 1196 γινόμενος
3790 1130 3820 1181 ὁ
3847 1127 4014 1196 Θεὸς,

2415 1218 2542 1279 τοὺς
2570 1217 2736 1279 ἰδίους
2765 1217 2967 1286 νόμους
3003 1217 3298 1290 ἐγγράφει.

2491 1309 2600 1379 πβ’.
2625 1309 2838 1380 Καρδία
2863 1311 2984 1362 ἐστὶ
3021 1311 3240 1384 καθαρὰ
3267 1353 3282 1378 ,
3315 1313 3349 1384 ἡ
3380 1313 3728 1367 παντάπασιν
3768 1315 4014 1368 ἀνείδεον

2415 1402 2493 1472 τῷ
2507 1401 2628 1472 Θεῷ
2649 1402 2746 1454 καὶ
2767 1401 3097 1470 άμόρφωτον
3114 1405 3182 1475 (j)
3201 1405 3600 1476 παραστήσασα
3626 1406 3728 1476 τὴν
3749 1407 3979 1475 μνήμην
3995 1423 4010 1436 ·

2414 1493 2511 1547 καὶ
2545 1493 2730 1562 μόνοις
2757 1496 2871 1558 τοῖς
2897 1493 3064 1547 αὐτοῦ
3090 1495 3312 1566 ἕτοιμον
3338 1496 3748 1567 ὲνσημανθῆναι
3785 1496 4011 1562 τύποις,

2413 1581 2484 1635 δι’
2503 1577 2579 1636 ὧν
2611 1584 2861 1653 ἐμιρανὴς
2899 1583 3114 1653 πέφυκε
3145 1585 3436 1654 γίνεσθαι..

2639 1765 2698 1818 ’0
2731 1765 2828 1818 τοῦ
2861 1764 3103 1837 Χριστοῦ
3126 1765 3347 1830 νοῦς,ὃν
3367 1767 3739 1838 λαμϐάνουσιν
3759 1771 3808 1823 οἰ
3841 1770 4011 1838 ἅγιοι,

726 1829 1027 1927 accipiunt,
1049 1857 1205 1926 juxta
1241 1871 1368 1908 eum
1396 1856 1491 1926 qui
1515 1829 1696 1910 dixit;
1737 1853 1844 1908 Nox
1884 1829 2072 1907 autem’
2097 1869 2311 1906 sensum

2417 1829 2556 1908 κατά
2571 1855 2662 1908 τὸν
2686 1829 2932 1925 φάμενον
2947 1873 2962 1886 ⁸
2993 1857 3195 1926 ’Πιιεῖς
3309 1829 3462 1914 γοῦν)
3480 1862 3738 1926 Χριστοῦ
3768 1829 4012 1931 ἔχομεν’,

727 1951 922 2007 Christi
948 1951 1196 2005 habemus
1228 1951 1292 2015 ⁸⁷,
1322 1966 1432 2004 non
1465 1949 1826 2020 intelligentis
1851 1948 1905 2002 in
1942 1948 2109 2003 nobis
2140 1947 2316 2002 facul-

731 2044 857 2099 tatis
895 2043 1203 2113 privatione
1250 2042 1499 2107 aceedit;
1536 2057 1641 2096 nec
1683 2041 1758 2094 ita
1793 2047 1855 2093 ut
1895 2048 2137 2094 mentem
2183 2055 2313 2094 sen-

728 2149 961 2206 sumque
1013 2144 1266 2189 nostrum
1323 2135 1618 2205 compleat,
1669 2134 1755 2188 vel
1802 2133 2179 2188 essentialiter
2225 2147 2314 2188 se-

728 2228 973 2283 cundum
1018 2228 1384 2283 substantiam
1431 2227 1484 2282 in
1527 2232 1654 2282 eum
1701 2236 1985 2281 transeat:
2029 2226 2126 2282 sed
2159 2227 2314 2280 velut

723 2321 822 2392 qui
859 2336 959 2375 sua
1007 2321 1273 2391 qualitate
1311 2321 1513 2375 mentis
1545 2329 1748 2376 nostrae
1793 2335 2098 2389 sensusque
2140 2316 2311 2373 animi

727 2413 1047 2468 iacultatem
1093 2413 1355 2477 illustrct,
1403 2421 1570 2482 atque
1604 2413 1670 2467 ad
1708 2411 1964 2466 eumdem
1988 2427 2178 2466 secum
2223 2426 2316 2465 ac-

730 2515 846 2560 tum
876 2505 1034 2560 ferat.
1069 2504 1202 2559 Nam
1228 2519 1360 2558 sane
1392 2519 1520 2559 eum
1551 2519 1654 2574 ego
1685 2502 1891 2558 Christi
1921 2511 2164 2557 mentem
2187 2517 2314 2557 sen-

730 2610 961 2666 sumque
1003 2594 1208 2649 habere
1254 2594 1511 2658 dixerim,
1554 2593 1650 2663 qui
1695 2609 1762 2648 ex
1800 2594 1922 2663 ejus
1964 2589 2308 2654 rationibus,

730 2690 1026 2760 ipsumque
1060 2687 1199 2742 adeo
1229 2702 1446 2756 semper
1469 2685 1676 2756 cogitet
1696 2701 1759 2740 ac
1786 2684 2081 2756 intelligat.

799 2779 888 2834 84.
951 2777 1157 2834 Christi
1212 2791 1417 2846 corpus
1463 2792 1586 2831 esse
1642 2775 1903 2838 dicimur,
1947 2777 2104 2846 juxta
2149 2773 2315 2846 506

730 2870 865 2924 illud
893 2887 906 2923 :
949 2869 1054 2923 Nos
1078 2877 1257 2922 autem
1281 2865 1475 2922 Christi
1501 2883 1689 2937 corpus
1709 2883 1889 2920 sumus
1911 2875 1960 2918 et
1989 2867 2226 2920 membra
2248 2881 2314 2919 ea:

729 2970 884 3032 parte
916 2962 990 3026 ⁸⁸;
1026 2977 1136 3016 non
1165 2961 1320 3031 quasi
1359 2971 1547 3015 nostra
1571 2960 1674 3030 ipsi
1703 2975 1936 3029 corpora
1966 2958 2308 3024 amittentes,

2413 1948 2474 2001 οὐ
2505 1947 2648 2001 κατὰ
2681 1950 2938 2020 στέρησιν
2971 1953 3070 2020 τῆς
3101 1953 3160 2004 ὲν
3194 1953 3327 2021 ἡμῖν
3363 1953 3559 2022 νοερᾶς
3584 1953 3871 2021 δυνάμεως
3891 1956 4010 2005 ἒπε-

2413 2038 2624 2105 γίνεται
2649 2055 2664 2068 ·
2694 2039 2815 2092 οῦδὲ
2837 2040 2913 2104 ώς
2944 2042 3405 2114 συμπληρωτικὸς
3428 2044 3522 2096 τοῦ
3557 2045 3830 2115 ἡμετέρου
3863 2045 4009 2108 νοὸς,

2413 2131 2522 2184 οὐδ’
2547 2131 2623 2193 ώς
2655 2130 2996 2199 μεταϐαίνων
3027 2133 3304 2197 οὐσιωόῶς
3328 2135 3450 2187 καθ’
3477 2135 3780 2188 ὑπόστασιν
3807 2137 3888 2199 εἰς
3913 2136 4012 2189 τὸν

2414 2224 2688 2295 ἡμέτερον
2721 2223 2847 2278 νοῦν
2870 2241 2884 2254 ·
2927 2226 3043 2278 ἀλλ’
3071 2226 3146 2290 ὡς
3168 2229 3232 2298 τῇ
3273 2229 3450 2299 οἰκείᾳ
3487 2230 3736 2299 ποιότητι
3779 2230 3881 2300 τὴν
3913 2230 4012 2283 τοῦ

2415 2317 2686 2388 ἡμετέρου
2741 2318 2862 2380 νοὸς
2910 2318 3250 2391 λαμπρύνων
3288 2320 3539 2389 δύναμιν,
3575 2323 3670 2374 καὶ
3726 2323 3866 2392 πρὸς
3905 2322 4014 2391 τὴν

2412 2407 2584 2477 αὐτὴν
2621 2398 2771 2478 αὖτῷ
2803 2412 2986 2480 φέρων
3017 2411 3327 2479 ἐνέργειαν.
3365 2412 3511 2465 Νοῦν
3544 2413 3654 2484 γὰρ
3688 2415 3836 2484 ἔχειν
3866 2415 4013 2482 Χρι-

2414 2497 2543 2551 στοῦ
2590 2499 2767 2568 ἔγωγέ
2796 2519 2961 2571 φημι,
3012 2502 3104 2556 τὸν
3154 2505 3275 2557 κατ’
3309 2504 3471 2558 αὑτὸν
3505 2505 3729 2560 νοοῦντα
3749 2547 3764 2570 ,
3797 2505 3891 2558 καὶ
3916 2505 4015 2559 διὰ

2413 2592 2631 2644 πάντων
2659 2591 2824 2644 αὐτὸν
2849 2591 3093 2646 νοοῦντα.

2515 2773 2620 2828 πδ’.
2676 2773 2845 2846 Σῶμα
2896 2775 3137 2845 Χριστοῦ
3189 2769 3333 2828 εἶναι
3385 2774 3692 2846 λεγόμεθα,
3742 2776 3885 2830 κατά
3927 2777 4014 2838 τὴ,

2424 2865 2623 2936 Ἡμεῖς
2660 2865 2732 2920 δὲ
2781 2865 2954 2936 σῶμα
2985 2867 3242 2936 λᾯιστοῦ
3265 2867 3484 2938 ἐσμεν,
3515 2869 3610 2922 καί
3631 2869 3786 2938 μέλη
3810 2870 3880 2922 ἐκ
3904 2867 4018 2938 μέ-

2405 2957 2674 3024 ρους-ὀὺ
2704 2956 2848 3011 κατὰ
2903 2957 3163 3030 στέρησιν
3217 2959 3330 3012 τῶν
3379 2960 3665 3030 ἡμετέρων
3708 2959 4016 3030 σωμάτων,

729 3054 866 3110 illud
911 3053 1239 3117 efﬁciamur,
1272 3052 1357 3106 vel
1392 3067 1584 3106 rursus
1619 3052 1775 3122 quasi
1821 3049 1960 3105 illud
2003 3051 2308 3106 secundum

2412 3049 2623 3102 ἐκείνω
2653 3049 2715 3102 τὺ
2766 3049 2928 3121 σῶμα
2955 3051 3265 3120 γινόμενον
3305 3051 3416 3104 οὐδ’
3463 3047 3530 3106 αὖ
3579 3052 3742 3106 πάλιν
3793 3052 4017 3106 ἐκείνου

729 3147 1094 3201 substantiam
1122 3145 1176 3199 in
1205 3154 1455 3199 nostrum
1482 3153 1729 3198 transeat
1759 3158 1985 3214 corpus,
2001 3152 2101 3198 aut
2135 3159 2311 3198 mem-

2415 3138 2540 3191 καθ’
2568 3138 2871 3193 ὑπόστασιν
2918 3141 3000 3203 εἰς
3041 3141 3192 3212 ἡμᾶς
3231 3140 3685 3212 μεταδαίνοντος,
3707 3144 3741 3213 ἦ
3775 3142 4019 3214 μεληδὸν

730 3239 930 3292 hratim
957 3237 1272 3301 dividatur;
1301 3235 1396 3291 sed
1424 3235 1570 3305 quod
1599 3236 1765 3290 simili
1789 3251 1854 3290 ac
1873 3250 2003 3289 caro
2027 3236 2311 3291 Dominiea

2415 3231 2839 3302 διατεμνομένου
2866 3247 2880 3260 ⁶
2931 3231 3068 3285 ἀλλά
3115 3232 3195 3304 τῷ
3246 3232 3368 3286 καθ’
3417 3233 3715 3304 ὁμοιότητα
3764 3235 3865 3304 τῆς
3910 3235 4016 3288 τοῦ

731 3331 967 3390 ratione,
1021 3329 1434 3398 corruptionem
1490 3327 1702 3397 peccati
1758 3328 2124 3382 excutiamus.
2174 3324 2311 3380 Nam

2414 3322 2623 3394 Κυρίου
2661 3325 2897 3394 σαρκὸς,
2927 3324 3028 3395 τὴν
3059 3325 3268 3396 φθοράν
3308 3325 3665 3378 ἀποσείεσθαι
3691 3326 3791 3394 τῆς
3817 3329 4016 3396 ἁμαρ-

729 3423 878 3475 sicut
908 3419 1162 3474 Christus
1195 3428 1412 3482 natura,
1452 3433 1617 3472 carne
1643 3417 1852 3488 pariter
1894 3425 2062 3487 atque
2099 3416 2310 3483 animo,

2413 3415 2554 3479 τίσις.
2592 3414 2682 3477 Ὠς
2708 3417 2818 3485 γάρ
2862 3416 2892 3468 ὁ
2939 3417 3178 3488 Χριστὸς
3219 3416 3363 3470 κατὰ
3400 3416 3566 3484 φύσιν
3601 3419 3766 3488 σαρκί
3799 3435 3862 3470 τε
3909 3420 4016 3472 καὶ

728 3523 1004 3584 quatenus
1059 3510 1386 3580 intelligitur
1443 3511 1630 3574 homo,
1696 3509 1959 3563 immunis
2009 3523 2040 3562 a
2085 3517 2311 3578 peccato

2410 3505 2557 3576 ψυχῇ
2583 3505 2705 3558 καθ’
2721 3505 2752 3558 ὃ
2777 3508 2980 3559 νοεῖται
3018 3505 3305 3576 ἄνθρωπος
3329 3509 3714 3579 ἀναμάρτητος
3737 3503 3830 3579 ἦν,
3860 3508 4016 3564 οὕτω

726 3615 877 3669 erat;
913 3605 991 3659 sic
1031 3613 1087 3657 et
1126 3619 1229 3657 nos
1263 3603 1381 3672 ejus
1431 3600 1641 3666 ﬁdeles,
1687 3608 1744 3655 et
1773 3600 1866 3670 qui
1902 3614 1999 3670 per
2040 3599 2309 3670 Spiritum

728 3700 906 3768 ipsum
946 3697 1247 3757 induimus,
1287 3693 1588 3747 voluntatis
1613 3701 1750 3747 nutu
1782 3709 1812 3747 a
1851 3700 2078 3762 peccato
2105 3692 2309 3746 immu-

729 3791 903 3845 uesin
945 3805 1012 3842 eo
1050 3803 1174 3851 esse
1209 3801 1523 3857 possumus.

798 3881 886 3934 85.
919 3880 1152 3933 Exstant
1183 3878 1236 3931 in
1270 3876 1555 3945 Scriptura
1588 3883 1702 3929 tum
1736 3875 2056 3946 temporalia
2083 3876 2305 3940 mula,

730 3982 844 4025 tum
905 3986 1027 4040 qua:
1085 3969 1320 4023 aliorum
1385 3967 1713 4021 smeulorum
1774 3968 2307 4022 consummationem

727 4063 1191 4133 complectantur,
1228 4061 1380 4129 juxta
1413 4058 1543 4112 illud
1590 4077 1602 4110 :
1648 4058 1802 4112 Nunc
1831 4066 2007 4112 autem
2047 4059 2211 4113 semel
2247 4061 2306 4113 in

727 4155 1181 4209 ranswnmatione
1220 4151 1534 4206 sa'rulorum
1584 4152 1652 4214 δ’,
1699 4160 1757 4206 et
1802 4167 1924 4222 qua:
1974 4159 2301 4222 sequuntur.

728 4250 977 4314 Suntque
1003 4245 1202 4298 iterum
1239 4243 1342 4296 alia
1382 4243 1578 4297 saecula
1615 4258 1645 4296 a
1679 4242 1942 4312 temporis
1975 4254 2174 4296 natura
2208 4241 2306 4296 ab-

724 4331 928 4398 soluta,
982 4346 1104 4405 post
1151 4351 1391 4404 prmsens
1443 4334 1591 4389 istud
1643 4341 1838 4388 natura
1886 4344 2303 4403 temporaneum

725 4430 1010 4492 tusculum,
1048 4427 1194 4497 quod
1221 4436 1303 4482 est
1343 4428 1396 4480 in
1441 4426 1912 4481 consummatione
1947 4426 2298 4492 sreculorum,

2411 3599 2506 3650 καὶ
2541 3598 2706 3668 ἡμεῖς
2750 3599 2800 3650 οἰ
2828 3597 3256 3662 πεπιστευκότες
3285 3597 3434 3668 αὐτῷ
3453 3639 3467 3664 ,
3495 3600 3591 3653 καὶ
3617 3600 3706 3654 διὰ
3737 3600 4014 3672 Πνεῦμα·

2408 3706 2502 3752 τος
2549 3688 2714 3742 αὐτὸν
2749 3689 3107 3760 ἐνδυσάμενοι
3134 3731 3150 3756 ,
3183 3691 3329 3745 κατὰ
3383 3692 3706 3764 προαίρεσιν
3750 3692 3810 3744 ἐν
3852 3693 4014 3764 αὐτῷ

2409 3781 2580 3852 χωρὶς
2605 3781 2884 3851 ἁμαρτίας
2917 3776 3061 3834 εῖναι
3088 3782 3388 3854 δυνάμεθα.

2481 3871 2588 3926 πε’.
2621 3872 2746 3927 Εἰσὶ
2772 3872 2923 3943 παρὰ
2947 3875 3017 3944 τῇ
3057 3873 3248 3945 Γραφῇ
3291 3876 3386 3929 καὶ
3423 3876 3666 3944 χρονικοὶ
3697 3877 3906 3941 αἰῶνες
3934 3877 4010 3947 (lx)

2407 3965 2504 4020 καὶ
2528 3964 2705 4018 ἄλλων
2733 3964 2945 4018 αἰώνων
2991 3966 3302 4019 συντέλειαν
3327 3965 3696 4036 περιέχοντες,
3734 3969 3890 4024 κατὰ
3912 3971 4007 4032 τὸ,

2405 4058 2557 4112 Νυνί
2586 4055 2656 4110 δὲ
2675 4056 2842 4118 ἅπαξ
2869 4056 2968 4110 ἐπὶ
3000 4061 3324 4126 συντελείᾳ
3355 4057 3476 4113 τῶν
3517 4059 3771 4125 αἰώνων,
3805 4063 3909 4116 καὶ
3940 4064 4010 4117 τὰ

2407 4151 2560 4220 ἑξῆς.
2591 4149 2704 4203 Καὶ
2744 4149 2929 4219 ἕτεροι
2961 4149 3124 4203 πάλιν
3163 4151 3422 4222 χρονικῆς
3451 4151 3732 4222 ἐλεύθεροι
3782 4154 4009 4224 φύσεως

2404 4243 2623 4308 αἰῶνες,
2649 4241 2789 4313 μετὰ
2819 4241 2910 4294 τὸν
2930 4242 3201 4296 ἐνεστῶτα
3234 4241 3421 4296 τοῦτον
3451 4245 3665 4315 χρόνον,
3691 4246 3892 4306 αἰῶνα.
3915 4248 4009 4302 τὸν

2406 4336 2500 4390 ἐπὶ
2531 4333 2814 4405 συντελείᾳ
2835 4331 2946 4386 τῶν
2981 4332 3214 4399 αἰώνων,
3235 4336 3377 4387 κατά
3404 4334 3488 4397 τὸ,
3505 4337 3635 4390 ἰνα
3657 4336 4008 4408 ἐνδείξηται

2405 4427 2476 4480 ἐγ
2501 4426 2622 4491 τοῖς
2640 4421 2814 4477 αἰῶσι
2834 4421 2960 4488 τοῖς
2971 4422 3393 4492 ἐπερχομένοις
3413 4423 3520 4477 τὸν
3541 4425 4009 4492 ὑπερϐάλλοντα

720 4521 876 4591 juxta
899 4517 1030 4570 illud
1054 4535 1066 4569 :
1099 4516 1163 4571 Ut
1185 4515 1478 4570 ostenderet
1505 4516 1560 4568 in
1583 4513 1787 4568 swculis
1817 4516 2298 4585 superuenientibus

2409 4518 2690 4580 πλοῦτον,
2713 4514 2808 4568 καὶ
2843 4513 2912 4566 τὰ
2930 4513 3078 4584 ἑξῆς.
3097 4515 3434 4585 Εὑρίσκομεν
3453 4515 3505 4568 δὲ
3527 4519 3678 4586 παρὰ
3706 4520 3774 4586 τῇ
3809 4517 3850 4568 Γ
3853 4523 4007 4591 pagg

725 4611 1054 4666 abundantes
1081 4610 1293 4664 divitias
1312 4609 1379 4674 ⁵⁸,
1402 4618 1457 4662 et
1477 4622 1599 4676 qua:
1628 4615 1955 4676 sequuntur.
1980 4607 2301 4664 Invenimus

724 4712 910 4757 autem
946 4701 1000 4756 in
1031 4701 1319 4770 Scriptura
1345 4700 1512 4753 etiam
1539 4698 1948 4752 multitudinem
1975 4700 2302 4754 mulorum

726 4805 843 4849 tum
871 4793 1296 4863 praeteritorum,
1333 4802 1559 4860 tumque
1598 4789 1972 4860 pluwsentium,
2002 4799 2118 4845 tum
2157 4790 2306 4846 futu-

725 4903 949 4952 rorum;
984 4886 1181 4941 secula
1219 4886 1348 4940 item
1389 4883 1715 4938 StBCHlOl'lll..
1753 4897 1874 4936 esse
1910 4882 2160 4951 quaadam
2198 4899 2304 4938 sa:—

723 4981 867 5044 cula,
895 4988 951 5034 et
981 4978 1242 5033 sxeculum
1293 4976 1500 5041 sreculi,
1531 4983 1587 5030 ct
1628 4983 1871 5043 tempora
1907 4975 2193 5028 Stecularia
2232 4977 2303 5041 ",

791 5117 836 5148 “
865 5116 1001 5170 Gen.
1027 5131 1184 5177 xxxv,
1214 5129 1269 5165 ιι.
1347 5112 1391 5142 ⁸⁷
1427 5111 1445 5164 l
1476 5109 1603 5164 Cor.
1655 5125 1712 5171 ιι,
1767 5108 1851 5160 16.
1929 5107 1974 5140 ⁸⁸
1999 5109 2017 5162 I
2040 5108 2168 5164 Cor.
2196 5127 2292 5177 xn,
2327 5109 2418 5164 27.

724 5206 762 5252 ι,
791 5188 842 5242 9.

2405 4609 2500 4663 καὶ
2537 4605 2740 4677 πλῆθος
2782 4604 3016 4670 αἰώνων,
3048 4606 3425 4676 παρελθόντων
3469 4623 3528 4658 τε
3561 4609 3654 4661 καὶ
3687 4610 4009 4665 ἐνεστώτων

2406 4701 2501 4754 καὶ
2533 4698 2855 4770 μελλόντων·
2871 4698 2963 4752 καὶ
2982 4697 3185 4762 αἰῶνας
3203 4698 3416 4752 αἰώνων
3437 4693 3578 4752 εἶναί
3594 4717 3750 4765 τινας
3770 4701 4006 4768 αἰῶνας,

2405 4795 2500 4846 καὶ
2530 4791 2727 4854 αἰῶνος
2751 4791 2944 4855 αἰῶνα,
2967 4791 3063 4844 καὶ
3090 4791 3315 4861 χρόνους
3354 4791 3604 4855 αἰωνίους
3630 4835 3645 4858 ,
3677 4795 3775 4846 καὶ
3804 4797 4006 4862 γενεὰς

2407 4883 2764 4954 συνημμένας
2791 4881 2975 4935 αἰῶσι.
3004 4881 3115 4934 Καὶ
3149 4882 3236 4934 ἵνα
3282 4881 3358 4952 μὴ
3403 4883 3521 4948 νῦν,
3553 4884 3607 4936 τί
3640 4886 3737 4954 μὲν
3765 4884 3857 4937 διὰ
3891 4888 4004 4937 τών

2407 4975 2676 5046 χρονικῶν
2704 4973 2917 5028 αἰώνων
2936 5011 2952 5037 ,
2981 4972 3034 5026 τί
3063 4973 3121 5026 δὲ
3150 4972 3238 5028 διὰ
3264 4973 3374 5027 τῶν
3398 4974 3631 5029 αἰωνίων
3652 4976 3866 5045 χρόνων
3906 4977 4004 5029 καὶ

2525 5113 2571 5142 ⁶⁹
2596 5109 2764 5164 Hebr.
2799 5107 2995 5175 “,26.
3093 5110 3140 5141 '°
3183 5109 3385 5179 Ephes.
3419 5125 3477 5176 ιι,
3530 5108 3583 5162 7.
3657 5109 3700 5140 ⁵³
3751 5109 3796 5164 ll
3850 5109 3998 5164 Tim.

795 5326 860 5395 (j)
913 5321 1268 5395 Ἀσιάδων...
1311 5318 1793 5395 καίᾀμόρφωτρν.
1819 5315 1976 5385 Apud
2002 5315 2178 5395 Mar_e1
2202 5331 2301 5371 eu-

2409 5319 2564 5373 etiam
2593 5317 2660 5372 τὰ
2680 5317 2873 5395 αἰώνια
2888 5317 3034 5388 vulg.
3065 5317 3305 5395 interpr._
3325 5316 3567 5372 reddidit
3591 5327 3818 5395 (terna;
3841 5336 3997 5372 mon-

720 5387 917 5466 jus-est
938 5392 1215 5466 νηπτικών
1243 5407 1363 5459 cap.
1391 5390 1482 5448 Ἡ.
1511 5387 1946 5466 άᾷιαμόρξρωτον
1975 5387 2123 5466 quod
2153 5387 2299 5442 forte

2409 5397 2575 5460 tesque
2599 5397 2821 5466 reternos
2845 5389 3092 5466 legamus
3109 5388 3307 5466 _:_quod
3340 5389 3740 5466 vox_swculeris
3772 5405 3842 5441 eo
3863 5405 3996 5466 σεξυ-

722 5457 937 5528 inelius,
969 5457 1071 5517 etsi
1105 5462 1248 5516 idem
1275 5457 1487 5515 sensus.
1521 5459 1704 5520 Picus,
1731 5458 1886 5511 Omni
1903 5458 2072 5527 specie
2097 5457 2302 5526 forma-
2398 5457 2496 5522 su,’
2520 5467 2579 5528 et
2605 5469 2770 5528 prout
2798 5457 3028 5511 ἀπὸτοῦ
3065 5459 3284 5518 αἰῶνος,
3321 5457 3466 5528 quod
3506 5460 3707 5526 passim
3732 5460 3994 5512 sertulam

719 5552 820 5590 αἰίο
849 5552 1009 5587 vacua
1019 5549 1087 5586 ιιι.

732 5553 820 5606 que
849 5553 1087 5587 vacuant.

792 5606 864 5674 (In
894 5607 993 5657 Ιὶαἰ
1030 5600 1296 5674 χρονικοί
1320 5597 1548 5674 αἰῶνες.
1567 5595 1986 5674 _Mu_lta.Gr:eeis
2012 5596 2303 5674 ὁμωνυμία

721 5679 772 5730 in
800 5667 948 5728 ’γους
1002 5667 1151 5725 αἰών.
1186 5670 1394 5724 Latinis
1443 5669 1613 5737 magis
1643 5667 1918 5721 distincta:
1945 5681 2129 5737 voces,
2160 5667 2295 5737 dum

717 5763 890 5799 arvum
935 5755 990 5798 et
1038 5743 1293 5797 suculam
1332 5735 1652 5808 ιποιιοιιὲιιιε
1688 5738 1885 5808 creatis
1919 5735 2085 5790 rebus
2117 5735 2293 5789 ascri-

723 5818 884 5880 bunt,
935 5815 1044 5868 Deo
1100 5807 1362 5865 aitet-num
1397 5807 1491 5862 seu
1541 5807 1939 5874 aeternitatem;
1979 5821 2292 5876 quanquam

2401 5527 2672 5599 redditur,
2701 5528 2961 5592 deducta,
2993 5544 3188 5599 parum
3214 5528 3327 5581 visa
3356 5529 3425 5599 sit
3451 5527 3773 5599 Latina;gac
3809 5531 3994 5597 potius

2401 5597 2738 5652 mundanum
2779 5614 2846 5652 ae
2899 5597 3054 5665 quasi
3108 5614 3178 5652 ex
3232 5598 3414 5652 szeculi
3455 5614 3599 5659 usu,
3652 5597 3990 5667 signiﬁcare.

2401 5668 2580 5742 Etiam
2610 5669 2859 5742 Damam.
2893 5667 2962 5721 de
2991 5671 3112 5738 ejus
3136 5669 3287 5721 vocis
3317 5667 3466 5722 varia
3489 5669 3852 5738 acceptione;
3896 5684 3998 5742 po-

2402 5737 2616 5808 tuitque
2652 5754 2683 5793 a
2721 5738 2952 5792 Maxima
2983 5737 3264 5792 mutuatus
3294 5753 3435 5793 esse.
