4192 6436
222 316 366 386 1165
1036 328 1374 393 CAPITUM
1412 333 1680 399 THEOL.
1722 337 1815 403 ET
1854 338 2088 402 (ECON.
2130 341 2517 404 CENTURIA
2556 347 2636 405 Il.
3355 353 3486 419 1166

220 430 435 498 γενεῶν
464 430 710 499 βούλεται
743 435 937 503 δηλοῦν
970 439 998 491 ὁ
1032 436 1191 507 λόγος
1211 481 1223 502 ,
1265 444 1546 510 λέγοντες·
1579 446 1721 508 τίνες
1755 450 1793 502 ελ

1913 462 2016 503 nec
2049 466 2159 504 non
2188 464 2573 522 generationes
2607 456 2826 511 smculis
2852 460 3195 529 eonjunctas.
3239 462 3316 517 Ne
3357 481 3488 519 vero

216 518 390 574 πάλιν
423 521 608 584 άπλὼς
635 524 682 576 oi
725 526 941 590 αἰῶνες,
979 529 1073 582 καὶ
1108 529 1257 593 τίνες
1304 532 1510 598 αἰῶνες
1537 534 1645 588 τῶν
1677 536 1793 590 αἱώ·

1913 518 2389 609 ίηρηιιεειιῖἱοι-υω
2431 546 2793 615 exponendo,
2846 549 2976 617 quid
3028 566 3127 619 per
3166 557 3489 623 temporalia

212 625 351 671 νων,
382 610 465 673 τίς
495 629 552 664 τε
584 614 611 663 6
646 614 835 678 ἁπλῶς
889 615 1043 680 αἰὼν,
1082 617 1173 675 καὶ
1214 620 1241 671 6
1268 619 1404 674 αίὼν
1456 621 1551 674 τοῦ
1584 621 1781 687 αἰῶνος

1909 631 2128 697 sarcula,
2170 635 2374 703 quidve
2417 652 2520 707 per
2549 640 2833 694 Stecularia
2883 648 3129 711 tempora
3162 653 3218 698 et
3262 661 3490 716 genera-

211 699 392 754 πολὺν
424 704 573 774 παρὰ
609 706 707 776 τὴν
738 706 1000 760 ὑπόθεσιν
1034 709 1367 779 ὲκτείνιυμεν
1396 711 1572 779 λόγον,
1594 713 1661 766 τά
1684 716 1793 785 περ

1910 723 2087 778 tiones
2124 725 2438 797 signiﬁcare
2470 730 2602 784 velit
2643 730 2961 801 Scriptura;
2999 748 3249 802 quzenam
3301 748 3485 793 autem

209 792 428 847 τούτων
462 800 576 860 τοῖς
619 799 943 869 φιλομαθέσι
973 803 1197 854 σκοπεῖν
1228 801 1509 879 ἐάσαντες,
1549 807 1685 877 πρὸς
1718 810 1793 860 τὸη

1908 830 2100 876 rursus
2121 817 2448 889 simpliciter
2486 822 2703 886 secula,
2747 837 2809 878 ac
2854 840 2976 893 quae
3018 826 3215 881 saecula
3254 831 3488 885 saeculo-

211 888 424 941 σκοπὸν
463 888 533 942 δι’
561 889 620 942 ὃν
649 891 823 946 ταῦτα
856 893 1266 963 προηγάγομεν,
1302 896 1706 968 ἐπανέλθωμεν.

1909 922 2065 974 rum;
2102 888 2359 980 quodque
2396 913 2534 967 adeo
2583 888 2907 985 simpliciter
2951 919 3234 984 sreculum,
3285 929 3342 975 et
3385 938 3488 977 sm-

208 982 407 1036 culum
433 984 642 1049 saeculi,
675 986 835 1057 longa
873 1003 903 1041 a
968 991 1256 1059 proposito
1317 991 1660 1062 digressione
1720 1008 2031 1053 sermonem
2076 1004 2491 1071 protrahamus;
2530 1006 2617 1061 his
2670 1008 3045 1063 studiosorum
3086 1010 3387 1082 diligentia:
3425 1031 3486 1071 ac

112 4738 117 4741 ς
176 4633 186 4776 ί

174 4784 184 4874 1

206 1072 592 1144 disquisitioni
620 1076 849 1139 relictis,
888 1078 956 1140 ad
984 1082 1331 1151 propositth
1366 1081 1553 1142 linem,
1591 1082 1803 1139 ratione
1842 1088 2001 1157 cujus
2026 1091 2141 1153 luce
2173 1094 2555 1162 produximus.
2593 1108 2960 1155 revertamur.

289 1173 412 1232 σις’.
442 1167 675 1237 Οἴδαμέν
709 1184 762 1219 τι
793 1169 936 1223 κατά
980 1172 1080 1242 τὴν
1137 1172 1359 1245 Γραφὴν
1399 1172 1762 1243 ὑπεραιώνιον
1789 1190 1801 1202 °

203 1259 356 1329 ὅπερ
386 1258 466 1310 ὅτι
502 1260 600 1328 μὲν
632 1258 805 1320 ἐστιν,
832 1262 1072 1330 ὲσήμανε
1098 1280 1111 1291 ·
1146 1264 1277 1319 τίδὲ
1307 1263 1466 1316 τοῦτό
1503 1265 1671 1322 ἐστιν.
1698 1266 1797 1317 οῦκ

204 1349 492 1419 ὠνόμασε,
522 1349 665 1403 κατὰ
697 1350 780 1415 τὸ,
823 1354 1040 1418 Κύριος
1065 1354 1419 1418 βασιλεύων
1451 1355 1559 1409 τὸν
1589 1355 1799 1416 αἰῶνα,

204 1447 315 1495 καὶ
345 1443 439 1495 ἐπ’
462 1441 648 1495 αἰῶνα
675 1442 774 1496 καὶ
802 1446 909 1501 ἔτι.
936 1446 1286 1520 Οὑκοῦνὶἕστι
1316 1464 1367 1501 τι
1400 1447 1634 1519 πρᾶγμα
1660 1446 1799 1516 ὑπὲρ

207 1535 512 1605 αἰῶνας,ή
560 1536 873 1607 ἀκραιφνὴς
920 1536 1016 1590 τοῦ
1068 1537 1205 1590 Θεοῦ
1254 1537 1519 1605 βασιλεία.
1562 1538 1638 1590 Οὐ
1689 1538 1799 1609 γάρ

204 1625 279 1695 δὴ
322 1625 479 1697 θέμις
507 1628 681 1679 εἰπεῖν
708 1622 935 1697 ἦρχθαι,
972 1627 1006 1699 ἢ
1055 1628 1357 1697 φθάνεσθαι
1388 1628 1492 1681 ὑπὸ
1523 1627 1734 1682 αἰώνων
1765 1628 1797 1699 ἢ

206 1719 427 1789 χρόνων
450 1721 549 1788 τὴν
582 1720 675 1771 τοῦ
697 1718 833 1773 Θεοῦ
871 1718 1169 1789 βασιλείαν.
1204 1719 1423 1790 Ταύτην
1451 1719 1507 1772 δὲ
1545 1719 1800 1773 πιστεύο-
1837 1702 1873 1755 Β

209 1830 319 1880 μεν
341 1809 479 1871 εἶναι
529 1814 637 1869 τῶν
677 1816 1001 1885 σωζομένων
1032 1816 1433 1888 κληρονομίαν,
1467 1816 1566 1869 καὶ
1608 1816 1795 1887 μονὴν,

204 1909 311 1959 καὶ
351 1907 514 1959 τόπον
538 1948 553 1970 ,
588 1908 766 1971 καθὼς
805 1911 832 1961 6
870 1909 1076 1979 ἀληθὴς
1115 1909 1450 1979 παραδίδωσι
1495 1908 1683 1977 λόγος·
1725 1910 1799 1973 ti);

203 1997 367 2062 τέλος
398 1999 507 2053 τῶν
535 2000 602 2053 δι’
640 2000 883 2069 ἐφέσεως
914 2001 1050 2071 πρὸς
1092 2001 1153 2055 τὸ
1203 2002 1429 2071 ἔσχατον
1456 2002 1679 2072 ὀρεκτὸν
1714 2018 1799 2056 κι-

203 2093 511 2161 νουμένων·
536 2097 594 2148 ἐν
610 2087 654 2163 ᾧ
672 2096 967 2165 γινόμενοι,
988 2097 1169 2167 πάσης
1191 2099 1285 2167 τῆς
1307 2096 1597 2153 ὁποιασοῦν
1618 2096 1818 2171 δέχοντ

203 2200 303 2236 ται
367 2184 579 2238 παῦλαν
648 2189 915 2257 κινήσεως
960 2204 972 2217 ⁸
1018 2189 1095 2251 ὡς
1148 2189 1348 2259 μηκέτι
1409 2188 1602 2258 χρόνου
1658 2188 1802 2248 τινὸς

201 2275 362 2340 ὄντας
389 2277 567 2331 αὐτῶν
604 2279 637 2349 ἢ
666 2280 858 2344 αἰῶνος
884 2279 979 2337 τοῦ
1005 2279 1326 2351 διασαθῆναι
1369 2279 1695 2349 ὀφείλοντος.
1713 2274 1800 2332 οἷα

207 2368 280 2437 δὴ
317 2370 456 2437 μετὰ
489 2372 668 2423 πάντα
712 2374 1119 2444 καταντήσασιν
1144 2375 1223 2437 εἰς
1254 2372 1345 2426 τὸν
1378 2373 1510 2432 Θεόν
1531 2390 1543 2403 ·
1575 2373 1667 2425 τὸν
1698 2374 1804 2442 πρὸ

203 2444 430 2517 πάντων
463 2466 591 2518 ὄντα
639 2465 747 2517 “LBV
786 2464 1000 2527 αἰώνων
1026 2506 1041 2532 ,
1069 2467 1164 2527 καὶ
1221 2466 1279 2518 ὃν
1319 2465 1547 2535 φθάνειν
1583 2463 1797 2517 αἰώνων

201 2552 374 2631 γύαις
425 2556 487 2609 οῦ
535 2556 800 2626 πέφυκεν.

1982 1181 2071 1236 86.
2115 1182 2334 1240 Scimus
2368 1185 2652 1257 Scriptura
2689 1198 2829 1245 teste
2863 1207 2985 1247 esse
3026 1195 3232 1266 aliquid
3272 1199 3486 1253 saeculis

1910 1273 2200 1340 superius;
2227 1275 2375 1345 quod
2411 1276 2502 1330 illa
2531 1278 2758 1347 quidem
2786 1296 2908 1335 esse
2944 1284 3311 1355 signiﬁcavit;
3352 1290 3485 1357 quid

1910 1369 2092 1417 tamen
2124 1376 2292 1429 esset,
2332 1366 2559 1423 minime
2604 1385 2672 1424 ex
2717 1372 2942 1428 nomine
2985 1378 3291 1445 expressit;
3331 1380 3487 1449 juxta

1906 1455 2055 1522 quod
2085 1458 2353 1527 scriptum
2384 1470 2468 1515 est
2500 1478 2514 1514 :
2555 1461 2814 1517 Dominus
2859 1482 3085 1536 regnans
3125 1470 3397 1534 sa’culum,
3438 1482 3485 1533 ct

1904 1546 1958 1597 in
2007 1547 2259 1605 saeculum
2294 1558 2344 1603 et
2380 1550 2523 1605 ultra
2560 1553 2627 1605 ".
2667 1554 2764 1609 Est
2799 1556 2984 1626 itaque
3021 1559 3226 1629 aliquid
3272 1564 3487 1618 smculis

1906 1637 2183 1704 superius,
2215 1655 2406 1697 verum
2436 1642 2648 1698 scilicet
2675 1645 2772 1699 Dei
2800 1663 3049 1717 regnum.
3078 1651 3188 1705 Nec
3216 1653 3363 1707 enim
3408 1655 3489 1708 fas

1903 1737 1989 1784 est
2017 1735 2078 1783 ut
2126 1727 2261 1785 illud
2295 1731 2568 1801 incepisse
2602 1733 2873 1802 dicamus,
2912 1738 2999 1791 vel
3040 1754 3161 1795 esse
3191 1743 3485 1812 ejusmodi.

1905 1827 1968 1872 ut
2016 1819 2131 1876 sive
2167 1823 2365 1877 saecula
2404 1825 2519 1879 sive
2561 1833 2811 1897 tempora
2868 1830 3047 1899 ipsum
3094 1844 3487 1903 assequuntur,

1905 1909 2020 1965 lloe
2050 1922 2233 1970 autem
2263 1930 2513 1985 regnum,
2542 1932 2737 1972 eorum
2774 1921 3174 1979 luereditatcm.
3214 1926 3485 1995 sedesque

1906 2025 1970 2064 ac
2003 2008 2184 2063 locum
2220 2022 2342 2062 esse
2366 2009 2666 2075 credimus,
2705 2013 2798 2082 qui
2832 2014 2990 2068 electi
3030 2016 3260 2071 salutem
3288 2034 3484 2075 consc-

1906 2104 2176 2166 quuntur,
2227 2096 2306 2153 uti
2363 2096 2528 2151 tradit
2579 2114 2747 2153 verus
2808 2116 3024 2168 sermo;
3075 2105 3220 2158 velut
3275 2108 3486 2162 scilicet

1902 2201 2097 2241 eorum
2130 2186 2451 2255 cupiditatis
2485 2186 2671 2255 ﬁnem,
2723 2191 2815 2260 qui
2850 2192 2918 2245 ad
2961 2208 3282 2263 supremum
3322 2213 3481 2267 appe-

1906 2278 2061 2332 tihile
2092 2277 2252 2347 507
2284 2288 2582 2334 morentur
2610 2300 2623 2334 :
2670 2284 2827 2353 cujus
2870 2284 2966 2338 ubi
3000 2288 3171 2341 semel
3203 2301 3486 2359 compotes

1902 2370 2083 2426 eﬁectl
2112 2369 2337 2435 fuerint,
2367 2370 2436 2425 ab
2461 2372 2609 2426 omni
2638 2375 2860 2442 penitus
2886 2386 3037 2431 motu
3056 2395 3132 2433 ~ae
3163 2380 3484 2437 incitatione

1901 2461 2200 2517 cessabunt
2238 2480 2250 2515 :
2285 2463 2431 2532 quod
2475 2464 2587 2534 jam
2634 2466 2846 2521 nullum
2891 2469 2971 2523 eis
3010 2478 3228 2541 tempus
3262 2483 3356 2529 aut
3386 2491 3484 2531 sm-

1902 2553 2087 2607 culum
2116 2552 2489 2622 superandum
2529 2569 2783 2625 superet;
2828 2574 2953 2614 cum
2994 2564 3270 2631 superatis
3301 2567 3484 2620 omni—

203 2642 317 2698 bus
371 2644 429 2698 in
484 2645 658 2700 Deum
722 2644 1046 2710 inciderint,
1109 2646 1325 2708 cunctis
1384 2644 1601 2705 saculis
1653 2641 2009 2709 anteriorem,
2053 2652 2109 2697 et
2151 2658 2317 2713 quem
2366 2645 2515 2699 nulla
2593 2648 2922 2707 smculorum
2998 2664 3194 2709 natura
3262 2657 3483 2727 assequi

204 2736 406 2807 possit.

284 2829 393 2897 πζν.
440 2830 554 2899 Ἐφ’
583 2830 706 2884 ὅσον
742 2831 934 2901 χρόνον
977 2831 1059 2895 τίς
1089 2832 1236 2883 ἐστιν
1275 2830 1332 2883 ἐν
1351 2834 1415 2903 τῇ
1449 2831 1563 2902 ζωῇ
1596 2830 1791 2901 ταύτῃ,

202 2922 314 2977 κᾶν
343 2922 545 2991 τέλειός
575 2925 690 2989 ἐστι
740 2924 883 2978 κατὰ
916 2923 1016 2994 τὴν
1046 2922 1234 2981 ἐνθάδε
1287 2924 1627 2985 κατάστασιν
1650 2963 1664 2984 ,
1700 2922 1795 2979 καὶ

204 3016 409 3088 πράξει
447 3016 540 3069 καὶ
580 3016 807 3088 θεωρίᾳ,
835 3016 935 3087 τὴν
974 3020 1037 3069 ἐκ
1072 3017 1273 3087 μέρους
1309 3017 1421 3088 ἔχει
1460 3018 1554 3070 καὶ
1591 3016 1793 3085 γνῶσιν

202 3112 306 3165 καὶ
346 3109 683 3181 προφητείαν
731 3112 827 3168 καὶ
880 3110 1183 3183 cippum?)qu
1232 3111 1548 3181 Πνεῦματος
1598 3110 1787 3178 ἁγίου·

203 3203 329 3261 ἀλλ’
360 3205 459 3258 οὐκ
486 3204 620 3259 αὐτὸ
647 3204 709 3264 τὸ
738 3205 1012 3276 πλήρωμα
1050 3222 1062 3234 °
1090 3205 1441 3275 ἐλευσόμενός
1484 3223 1613 3258 ποτε
1655 3203 1793 3275 μετὰ

201 3300 306 3371 τὴν
332 3300 444 3357 τῶν
463 3298 676 3359 αἰώνων
702 3302 1003 3372 περαίωσιν
1025 3303 1103 3364 εἰς
1135 3302 1234 3371 τὴν
1263 3301 1474 3355 τελείαν
1503 3301 1675 3370 λῆξιν,
1694 3301 1793 3368 τὴν

202 3396 503 3467 πρόσωπον
530 3396 668 3467 πρὸς
704 3397 996 3467 πρόσωπον
1025 3400 1138 3461 τοῖς
1166 3398 1339 3462 ἀξίοις
1369 3396 1661 3450 δεικνῦσαν
1690 3396 1789 3448 αὺ-

199 3487 308 3555 τὴν
337 3487 421 3555 ἐφ’
448 3488 649 3558 ἑαυτῆς
675 3487 923 3544 ἑστῶσαν
943 3487 1043 3559 τὴν
1064 3488 1320 3557 ἀλήθειαν
1352 3506 1366 3519 ο
1394 3488 1470 3549 ὡς
1511 3486 1707 3556 μηκέτι
1728 3489 1791 3539 ὲκ

198 3579 302 3638 τοῦ
328 3579 698 3650 πληρώματος
736 3580 901 3651 μέρος
930 3580 1095 3650 ἔχειν,
1130 3581 1244 3632 ἀλλ’
1270 3581 1405 3635 αὐτὸ
1434 3579 1497 3633 τὸ
1517 3580 1791 3650 πλήρωμα

199 3673 307 3743 τῆς
323 3673 548 3744 χάριτος
576 3673 717 3731 κατὰ
742 3672 958 3743 μέθεξιν
982 3674 1101 3726 ὅλον
1120 3673 1461 3744 κομίζεσθαι.
1488 3672 1793 3738 Καταγτή-

200 3769 422 3823 «eam
451 3770 580 3837 γάρ,
608 3766 774 3835 φησιν
804 3766 833 3817 6
866 3766 1189 3826 Ἀπόστολος
1210 3806 1225 3827 ,
1253 3765 1485 3831 πάντας
1529 3764 1789 3836 (δηλονότι

203 3859 339 3922 τοὺς
374 3857 735 3929 σωζομένους)
778 3861 867 3926 εις
917 3858 1109 3928 ἄνδρα
1147 3858 1381 3912 τέλειον
1409 3898 1424 3921 ,
1455 3859 1544 3923 είς
1570 3856 1791 3927 μέτρον

199 3950 452 4017 ἡλικίας
505 3950 612 4004 τοῦ
662 3950 1055 4022 πληρώματος
1107 3950 1214 4005 τοῦ
1272 3950 1532 4019 Χριστοῦ
1573 3969 1585 3981 ·
1620 3950 1690 4002 ἐν
1742 3944 1791 4017 ᾧ

198 4044 366 4095 εἰσιν
388 4044 441 4102 οι
469 4042 761 4109 θησαυροὶ
816 4041 926 4109 τῆς
958 4043 1179 4110 σοφίας
1206 4042 1303 4096 καὶ
1352 4040 1463 4109 τῆς
1511 4040 1791 4111 ’μάντεως

198 4133 546 4202 ἀπόκρυφοι
572 4150 586 4163 ·
610 4130 679 4205 ἦς
719 4134 1078 4206 φαινομένης,
1123 4134 1183 4187 τὸ
1226 4137 1292 4187 ἐκ
1341 4133 1544 4205 μέρους
1579 4149 1787 4203 καταρ-

199 4222 529 4295 γηθήσεται.

1971 2824 2058 2879 87.
2088 2822 2343 2891 Quandiu
2376 2826 2501 2896 quis
2539 2828 2705 2882 vitam
2741 2840 3066 2898 pmsentem
3093 2833 3224 2905 agit,
3246 2837 3349 2891 etsi
3381 2854 3483 2908 pro

1901 2918 2067 2987 hujus
2109 2926 2287 2972 status
2330 2920 2543 2973 ratione
2590 2920 2871 2989 perfectus
2913 2933 3017 2989 est,
3063 2933 3176 2981 tum
3219 2928 3481 2986 nimirum

1899 3008 2115 3063 actione
2169 3016 2283 3064 tum
2338 3011 2824 3080 contemplatione,
2875 3026 2943 3067 ex
2991 3026 3143 3085 parte
3201 3028 3382 3076 tamen
3426 3031 3484 3077 et

1898 3100 2184 3156 scientiam
2216 3109 2272 3155 et
2314 3101 2662 3171 praphetiam
2709 3113 2763 3159 et
2804 3105 3048 3176 Spiritus
3081 3112 3258 3165 sancti
3292 3114 3482 3169 arrha-

1895 3191 2118 3257 bonem,
2156 3208 2265 3247 non
2293 3210 2428 3249 vero
2466 3194 2638 3265 ipsam
2666 3197 3068 3266 plenitudinem
3098 3202 3301 3271 habet;
3345 3224 3485 3262 ven-

1896 3292 2053 3339 turus
2095 3285 2306 3339 scilicet
2341 3287 2639 3357 aliquando
2676 3299 2799 3359 post
2826 3295 3152 3350 saeculorum
3186 3296 3372 3364 ﬁnem,
3413 3302 3478 3354 ad

1894 3376 2195 3445 perfectam
2232 3378 2379 3432 illam
2427 3381 2673 3450 requiem
2716 3382 3043 3456 beatamque
3090 3398 3318 3455 sortem,
3360 3409 3481 3463 qum

1893 3468 2077 3538 dignis
2112 3471 2417 3541 electisque
2456 3473 2630 3543 ipsam
2672 3474 2727 3528 in
2760 3492 2818 3531 se
2848 3477 2987 3532 facie
3011 3479 3082 3533 ad
3124 3480 3320 3537 faciem
3350 3490 3477 3540 v'ere

1891 3562 2247 3617 exsistentem
2290 3564 2582 3619 veritatem
2632 3567 2889 3623 ostendet
2931 3586 2946 3624 :
2996 3571 3069 3625 ita
3116 3573 3379 3628 nimirum
3420 3589 3478 3631 ut

1892 3669 2001 3706 non
2041 3654 2277 3724 amplius
2308 3672 2373 3709 ex
2415 3657 2759 3726 plenitudine
2788 3661 2944 3730 quasi
2994 3662 3309 3734 decerptam
3354 3684 3477 3738 par-

1894 3747 2001 3795 tem
2030 3740 2290 3806 habeant,
2326 3744 2420 3797 sed
2448 3744 2621 3814 ipsam
2656 3754 2822 3801 lotam
2854 3752 3041 3820 gratiae
3074 3753 3475 3823 plenitudinem

1892 3836 2193 3890 secundum
2280 3838 2755 3909 participationem
2836 3845 3099 3902 referant.
3171 3850 3263 3904 Ait
3327 3854 3473 3907 enim

1890 3923 2189 3991 Apostolus
2226 3924 2367 3989 fore,
2420 3937 2477 3981 ut
2512 3944 2853 3986 occurramus
2894 3950 3073 3989 omnes
3105 3939 3219 4007 (qui
3265 3941 3477 3997 scilicet

1891 4018 2124 4069 salutem
2151 4020 2580 4090 consequemur)
2620 4023 2674 4074 in
2703 4024 2873 4077 rirum
2903 4027 3216 4097 perfectum,
3239 4032 3293 4084 in
3325 4049 3472 4086 men-

1889 4125 2075 4163 suram
2121 4112 2293 4167 a’tatis
2337 4110 2678 4181 plenitudinis
2730 4113 2927 4170 Christi
2968 4120 3015 4151 ⁸³
3053 4138 3063 4173 :
3106 4122 3160 4174 in
3204 4140 3307 4192 quo
3349 4136 3473 4178 sunt

1892 4217 2069 4257 omnes
2110 4203 2343 4257 thesauri
2381 4206 2657 4275 sapientia!
2706 4217 2754 4262 et
2801 4212 3034 4266 scientia
3065 4215 3354 4271 absconditi
3394 4220 3469 4283 ἰς

1891 4310 1996 4363 qua
2023 4294 2261 4364 prodita,
2290 4298 2648 4354 evacuabitur
2669 4302 2815 4370 quod
2848 4318 2915 4357 ex
2946 4314 3098 4372 parte
3128 4308 3363 4363 exsistit.

270 4402 387 4474 σπη’.
419 4403 653 4475 Ζητοῦσί
706 4421 875 4469 τινες,
921 4405 1042 4468 πῶς
1079 4404 1233 4458 ἔσται
1292 4404 1400 4457 τῶν
1446 4394 1784 4474 ἀξιουμένῖυν

1960 4397 2047 4450 88.
2095 4396 2235 4453 Sunt
2260 4399 2352 4469 qui
2390 4412 2659 4470 quaerant.
2696 4403 2949 4473 quisnam
2983 4404 3208 4464 {uturus
3245 4412 3317 4466 sit
3358 4422 3472 4468 ste.-

182 4496 300 4566 ητῆς
342 4498 401 4549 ἑν
436 4499 502 4567 τῇ
542 4496 791 4568 βασιλείᾳ
823 4496 919 4550 τοῦ
969 4496 1106 4549 Θεοῦ
1148 4496 1486 4566 τελειότητος
1530 4498 1563 4568 ἡ
1618 4497 1787 4579 κατά-

179 4574 393 4658 ίστασις
417 4601 433 4616 ·
475 4586 704 4657 πότερον
735 4589 879 4641 κατὰ
931 4586 1217 4657 προκοπὴν
1261 4586 1356 4640 καὶ
1388 4574 1687 4656 μετάϐασιν
1708 4630 1721 4649 ,
1752 4588 1784 4658 ἢ

198 4674 341 4730 κατὰ
368 4673 467 4741 τὴν
510 4677 566 4727 ἐν
598 4676 783 4730 στάσει
815 4677 1158 4747 ταυτότητα·
1195 4678 1312 4741 πῶς
1348 4695 1408 4730 τε
1444 4678 1511 4731 τὰ
1555 4676 1787 4747 σώματα

196 4768 294 4820 καὶ
329 4767 427 4831 τὰς
467 4767 646 4838 ψυχὰς
686 4764 826 4821 εἶναι
856 4768 1034 4839 χρεὼν
1089 4770 1515 4840 ὑπολαμόάνειν.
1546 4770 1690 4841 Πρὸς
1719 4770 1783 4841 δὴ

172 4860 357 4949 ίτοῦτο
417 4860 790 4930 στοχαστικῶς
835 4863 954 4931 ἐρεῖ
990 4879 1093 4925 τις,
1131 4863 1212 4915 ὅτι
1263 4861 1516 4932 καθάπερ
1563 4864 1656 4915 ἐπὶ
1690 4862 1787 4932 τῆς

198 4953 525 5024 σωματικῆς
554 4953 705 5023 ζωῆς
738 4954 923 5017 διττός
965 4956 1114 5008 ἐστιν
1148 4957 1174 5008 6
1205 4955 1305 5023 τῆς
1342 4954 1553 5025 τροφῆς
1583 4953 1741 5022 λόγος
1769 4970 1781 4983 ’

194 5050 221 5102 ὁ
251 5048 355 5116 μὲν
386 5046 522 5117 πρὸς
558 5046 788 5116 αὔξησιν
809 5084 822 5107 ,
853 5047 883 5098 6
910 5046 963 5099 (Σὲ
1004 5046 1139 5117 πρὸς
1163 5048 1493 5117 συντήρησιν
1522 5045 1629 5098 τῶν
1663 5062 1787 5115 τρε-

197 5140 456 5207 φομένων
482 5158 494 5170 ·
543 5140 739 5209 μέχρις
785 5134 845 5193 οὗ
878 5138 986 5210 γὰρ
1020 5139 1314 5210 φθάσωμεν
1346 5139 1407 5191 τὸ
1440 5138 1648 5191 τέλειον
1686 5138 1785 5208 τῆς

198 5231 522 5301 σωματικῆς
553 5232 791 5301 ἡλικίας,
822 5232 1137 5303 τρεφόμεθα
1176 5233 1310 5303 πρὸς
1352 5231 1581 5300 αῦξησιν
1603 5232 1784 5283 ’ἐπεμ

196 5326 298 5377 δάν
329 5325 385 5376 δὲ
426 5325 487 5376 τὸ
537 5324 699 5395 σῶμα
733 5329 829 5395 στῇ
880 5327 980 5395 τῆς
1036 5329 1119 5388 εἰς
1179 5327 1410 5397 μέγεθος
1463 5326 1781 5399 ἐπιδόσεως,

196 5417 383 5470 οὐκέτι
413 5417 674 5487 τρέφεται
710 5418 849 5488 πρὸς
900 5419 1150 5489 αῦξησιν,
1175 5419 1311 5472 ἀλλὰ
1350 5418 1487 5489 πρὸς
1522 5419 1785 5486 συντήρη-

199 5527 307 5563 σιν.
344 5507 530 5571 υῦτως
556 5509 653 5562 καὶ
684 5509 776 5561 ἐπὶ
819 5511 918 5581 τῆς
955 5509 1133 5579 ψυχῆς
1181 5508 1355 5571 διττὸς
1388 5511 1415 5561 6
1449 5508 1548 5578 τῆς
1578 5508 1780 5578 τροφῆς

197 5601 378 5672 λόγος.
407 5601 679 5674 Τρέφεται
716 5601 821 5673 γὰρ
859 5602 1244 5672 προκύπτουσα
1277 5602 1398 5663 ταῖς
1432 5600 1653 5671 ἀρεταῖς
1687 5599 1781 5651 καὶ

274 5757 320 5789 ⁵⁸
350 5755 526 5815 Exod.
553 5773 642 5823 xv,
670 5754 755 5810 18.

1892 4497 1980 4543 tus
2014 4503 2207 4544 eorum
2244 4492 2338 4560 qui
2370 4492 2789 4559 perfectionem,
2809 4511 2931 4565 qua:
2956 4497 3012 4552 in
3042 4515 3214 4571 regno
3239 4503 3335 4559 Dei
3365 4516 3471 4572 est,

1888 4588 2335 4649 consequentur;
2398 4589 2585 4636 utrum
2654 4585 2962 4639 secundum
3030 4590 3342 4658 profectum
3410 4611 3472 4649 ac

1888 4668 2273 4734 mutationem,
2320 4686 2389 4723 an
2431 4672 2735 4729 secundum
2789 4677 3039 4732 eamdem
3100 4679 3217 4736 lixa:
3270 4685 3472 4753 quietis

1887 4760 2329 4828 possessionem;
2360 4778 2470 4833 quo
2505 4764 2635 4819 item
2660 4766 2823 4822 modo
2856 4784 2913 4823 se
2935 4780 3052 4823 tum
3077 4788 3331 4842 corpora,
3356 4787 3470 4832 tum

1888 4850 2103 4905 animas
2161 4868 2283 4907 esse
2347 4853 2669 4921 habituras,
2724 4860 2799 4914 sit
2858 4862 3308 4920 existimandum.
3368 4867 3465 4921 Cui

1885 4944 2173 5012 quaestioni
2220 4946 2293 4998 ita
2330 4947 2454 5015 quis
2503 4948 2648 5002 haud
2694 4951 2843 5005 inani
2882 4956 3201 5025 conjectura
3248 4976 3473 5030 respon-

1886 5035 2042 5098 deat;
2083 5035 2232 5104 quod
2279 5051 2497 5106 nempe,
2541 5040 2685 5095 sicut
2723 5040 2776 5093 in
2813 5045 3085 5111 corporali
3127 5046 3241 5100 vita
3272 5047 3472 5118 duplex

1885 5144 1969 5190 est
2009 5135 2255 5190 alimenti
2300 5138 2469 5203 ratio;
2506 5140 2679 5195 altera
2715 5142 2962 5209 quidem,
3010 5144 3078 5198 ad
3119 5162 3470 5216 augmentum

1887 5228 2230 5296 provehens;
2265 5228 2436 5283 altera
2473 5246 2625 5295 vero,
2663 5233 2728 5286 ad
2781 5248 2973 5290 eorum
3009 5236 3104 5305 qui
3149 5240 3475 5295 nutriuntur

1880 5321 2176 5375 conferens
2214 5324 2719 5379 conservationem.
2756 5325 3013 5391 Quandiu
3054 5330 3202 5383 enim
3241 5332 3474 5385 necdum

1879 5414 2179 5483 perfectam
2209 5417 2460 5485 corporis
2498 5427 2766 5472 staturam
2812 5421 3124 5491 molemque
3169 5424 3474 5494 attigimus,

1877 5505 2162 5559 nutrimur
2211 5516 2271 5560 ut
2314 5522 2665 5576 augeamur:
2720 5511 2816 5565 ubi
2867 5520 3051 5567 autem
3094 5528 3297 5584 corpus
3345 5531 3477 5585 aug-

1882 5598 2051 5653 menti
2084 5595 2247 5652 ﬁncm
2291 5597 2505 5667 fecerit,
2550 5618 2657 5656 non
2703 5603 2942 5673 amplius
2974 5607 3219 5661 nutritur
3261 5616 3323 5661 ut
3380 5622 3477 5661 au-

839 5756 887 5791 “
914 5755 1119 5826 Ephcs.
1152 5771 1227 5821 ιν,
1269 5756 1355 5809 l5.
1434 5755 1479 5785 ”
1515 5753 1534 5808 ι
1563 5753 1691 5808 Cor.
1733 5768 1846 5818 xm,
1878 5751 1964 5805 10.
