4192 6436
223 407 362 478 1169

1063 413 1399 485 CAPITUM
1437 412 1697 476 I‘HEOL.
1726 412 1823 474 ET
1861 412 2095 475 (ECON.
2133 414 2520 476 CENTURIA
2549 418 2623 483 II.

3345 426 3484 494 1170

221 521 396 593 αὐτῆς
429 519 569 575 κατὰ
594 520 833 576 διάθεσιν
877 521 1115 594 σχέσεώς
1149 525 1328 577 ἐστιν⁶
1369 523 1431 579 Ἠ
1476 521 1583 594 γὰρ
1615 523 1794 588 ,ϐασις

1900 521 2007 576 itlic
2042 523 2122 588 5‘-';
2156 524 2250 579 sed
2281 533 2340 580 ut
2361 541 2576 592 eorum,
2602 527 2695 597 qui
2729 530 2825 585 illo
2843 531 2996 604 digni
3029 541 3180 602 sunt,
3198 537 3266 592 ad
3296 539 3477 610 ipsum

172 616 176 622 ’
216 613 355 668 λεία
383 614 488 668 τοῦ
524 613 694 677 Θεοῦ,
730 615 914 684 φησὶν,
938 614 1114 681 ἐντὸς
1153 615 1320 685 ὑμῶν
1356 616 1546 670 ἐστιν.

294 792 403 860 ιβ’.
435 792 501 844 Ἦ
536 791 630 845 τοῦ
671 791 808 845 Θεοῦ
857 792 952 846 καὶ
1000 793 1212 862 Πατρὸς
1251 792 1497 863 βασιλεία
1525 835 1540 861 ,
1571 793 1797 863 δυνάμει

218 881 322 950 μὲν
347 883 406 934 ὲν
441 884 571 936 πᾶσί
607 885 756 936 ἐστιν
799 887 917 946 τοῖς
949 884 1297 938 πιστεύουσιν
1328 903 1341 916 ο
1375 885 1625 958 ἐνεργείᾳ
1654 885 1709 937 δὲ
1740 887 1798 938 ὲν

212 976 332 1036 τοῖς
369 975 730 1043 ἀποθεμένοις
765 976 939 1029 διόλου
975 975 1271 1039 διαθέσεως
1301 977 1484 1029 πᾶσαν
1523 976 1622 1047 τὴν
1656 977 1800 1030 κατὰ

213 1064 384 1131 φύσιν
411 1065 591 1136 ψυχῆς
609 1083 668 1119 τε
696 1068 790 1119 καὶ
817 1066 1069 1136 σώματος
1113 1067 1281 1137 ζωὴν,
1320 1067 1414 1121 καὶ
1456 1067 1626 1137 μόνην
1667 1084 1789 1136 κτη-

215 1157 482 1225 σαμένοις
531 1157 632 1228 τὴν
674 1157 770 1211 τοῦ
818 1157 1172 1229 πνεύματος,
1221 1158 1315 1211 καὶ
1350 1158 1668 1230 δυναμένοις
1713 1158 1802 1211 λέ-

213 1266 382 1317 γειν⁹
429 1250 522 1304 Ζῶ
547 1250 654 1316 δὲ,
691 1249 894 1305 οὐκέτι
951 1249 1102 1320 ἐγὼ,
1134 1248 1201 1319 ζῇ
1259 1250 1328 1304 δὲ
1374 1251 1447 1304 ἐν
1488 1250 1616 1320 ἐμοὶ
1668 1253 1800 1320 Χριο

211 1341 387 1407 στός.
595 1329 598 1333 ’

291 1437 400 1500 ιιγν.
439 1433 551 1503 Τὴν
590 1433 872 1503 βασιλείαν
914 1433 1024 1487 τῶν
1063 1432 1311 1504 οὐρανῶν
1344 1428 1482 1484 εἷναί
1530 1447 1675 1492 τινες
1708 1428 1800 1481 λέ-

210 1539 401 1590 γουσι,
439 1523 538 1593 τὴν
567 1524 626 1576 ἐν
659 1525 908 1595 οὐρανοῖς
933 1524 1043 1577 τῶν
1076 1523 1244 1590 ἀξίων
1288 1523 1586 1590 διαγωγήν·
1618 1520 1798 1590 ἕτεροι

208 1613 294 1677 δὲ,
329 1613 429 1684 τὴν
457 1615 651 1683 ὁμοίαν
690 1619 804 1679 τοῖς
843 1615 1099 1684 ἀγγέλοις
1128 1615 1238 1667 τῶν
1267 1615 1591 1684 σωζομένων
1632 1613 1799 1665 κατά-

213 1720 412 1758 στασιν
432 1720 447 1736 ’
474 1705 622 1759 ἄλλοι
644 1706 722 1768 δὲ,
753 1707 814 1760 τὸ
844 1702 980 1770 εἶδος
1017 1706 1148 1759 αὐτὸ
1185 1705 1282 1776 τῆς
1312 1704 1499 1774 θεῖκῆς
1531 1702 1798 1773 ὡραιότη-

208 1811 308 1858 τος
344 1796 456 1849 τῶν
505 1799 854 1868 φορεσάντων
900 1799 1001 1868 τὴν
1049 1798 1234 1850 εἰκόνα
1273 1796 1369 1849 τοῦ
1414 1795 1792 1865 Ἐπουρανίου.

211 1888 515 1960 Συνᾲδουσι
548 1891 604 1944 δὲ
632 1893 697 1961 τῇ
733 1890 984 1960 ἀληθείᾳ,
1014 1889 1154 1943 κατὰ
1197 1890 1260 1942 τὸ
1297 1888 1421 1958 ἐμοὶ
1457 1886 1668 1952 δοκοῦν,
1702 1886 1796 1939 καὶ
1827 1880 1868 1935 Β

208 1981 273 2034 αἱ
297 1984 448 2052 τρεῖς
473 1984 602 2054 περὶ
634 1983 826 2036 τούτου
849 1983 1020 2049 δόξαι,
1058 1983 1201 2034 [ἰᾶσι
1227 1979 1336 2052 γὰρ
1367 1981 1507 2034 κατὰ
1538 1981 1638 2051 τὴν
1661 1981 1794 2033 ἀνα·

208 2071 405 2140 λογίαν
443 2073 543 2143 τῆς
593 2075 652 2126 ὲν
689 2073 874 2136 αὐτοῖς
907 2072 1049 2126 κατὰ
1085 2071 1239 2124 ποιόν
1273 2088 1332 2124 τε
1377 2071 1472 2124 καὶ
1509 2072 1677 2124 ποσὸν
1714 2070 1796 2124 δι-

209 2165 531 2235 καιοσύνης,
565 2168 599 2236 ἡ
635 2166 904 2236 μέλλουσα
933 2164 1132 2218 δίδοται
1161 2163 1344 2234 χάρις.
1405 2166 1411 2177 ‘

286 2343 391 2410 ιιδν.
431 2343 573 2407 Ἐως
620 2345 744 2398 ὅτου
792 2343 935 2396 κατὰ
972 2342 1071 2413 τὴν
1116 2343 1425 2414 πρακτικὴν
1451 2343 1792 2412 φιλοσοφίαν,

209 2435 488 2506 ἀνδρικῶς
539 2437 667 2498 τοὺς
701 2436 876 2499 θείους
923 2435 1257 2506 διεξέρχεταί
1294 2454 1378 2498 τις
1407 2436 1623 2504 ἀγῶνας
1648 2452 1661 2465 ·
1702 2435 1796 2488 τὸν

206 2525 304 2578 διὰ
331 2527 442 2579 τῶν
469 2526 699 2580 ἐντολῶν
731 2524 1014 2592 ἐξελθόντα
1047 2527 1196 2596 παρὰ
1232 2525 1326 2579 τοῦ
1359 2527 1567 2595 Πατρὸς
1601 2528 1681 2589 είς
1705 2527 1794 2581 τὸν

208 2618 442 2689 κόσμον,
476 2621 608 2688 παρ’
639 2620 814 2688 ἐαυτῷ
843 2620 1062 2688 κατέχει
1094 2618 1289 2686 Λόγον.
1326 2619 1578 2672 Ἐπειδὰν
1600 2619 1656 2672 δὲ
1686 2619 1793 2672 τῶν

208 2710 358 2764 κατὰ
403 2711 503 2780 τὴν
548 2710 746 2780 πρᾶξιν
786 2710 921 2781 πρὸς
964 2710 1034 2762 τὰ
1083 2709 1231 2779 πάθη
1265 2710 1659 2779 παλαισμάτων
1687 2711 1793 2779 ἀφ-

210 2802 432 2872 έμενος,
466 2802 540 2864 ὡς
562 2801 785 2872 νικητὴς
809 2800 994 2853 παθῶν
1022 2801 1116 2852 καὶ
1146 2800 1414 2870 δαιμόνων
1439 2800 1791 2869 ἀποφανθεὶς,

209 2897 355 2967 πρὸς
395 2897 495 2967 τὴν
535 2897 623 2949 διὰ
679 2896 910 2965 θεωρίας
956 2895 1262 2964 γνωστικὴν
1312 2895 1546 2966 μετέλθῃ
1583 2895 1796 2964 φιλοσο-

209 2989 367 3057 φίαν,
415 2990 687 3057 συγχωρεῖ
735 2987 813 3057 τῷ
852 2987 1009 3056 Λόγῳ
1047 2986 1321 3054 μυστικῶς
1371 2988 1586 3056 ἀφεῖναι
1633 2988 1794 3042 πάλιν

207 3081 308 3135 τὸν
337 3080 564 3151 κόσμον,
609 3080 705 3132 καὶ
752 3079 1086 3150 πορευθῆναι
1125 3079 1261 3149 πρὸς
1285 3079 1378 3131 τὸν
1422 3078 1662 3148 Πατέρα.
1703 3081 1793 3132 Διό

210 3191 383 3242 φησιν
419 3175 446 3224 ὁ
475 3171 678 3240 Κύριος
704 3174 815 3233 τοῖς
849 3171 1236 3240 μαθηταῖς,ὅτι
1264 3170 1464 3238 ’Υμεῒς
1488 3171 1592 3240 ἐμὲ
1616 3189 1789 3240 πεφι-

209 3261 465 3327 λήκατε,
487 3261 583 3313 καί
613 3261 1054 3312 πεπιστεύκατε
1081 3260 1170 3312 ὅτι
1197 3257 1312 3327 ἐγὼ
1335 3259 1494 3328 παρὰ
1518 3260 1626 3314 τοῦ
1643 3259 1791 3314 Θεοῦ

209 3352 498 3421 ἐξῆλθον.
557 3352 854 3419 Ἐξῆλοον
900 3352 1058 3418 παρά
1090 3351 1197 3404 τοῦ
1240 3351 1490 3418 Πατρός,
1527 3351 1623 3405 καί
1651 3353 1793 3419 ἐλή-

208 3447 372 3498 λυθα
403 3446 490 3509 εἰς
520 3442 627 3496 τὸν
661 3444 915 3511 κόσμον·
944 3441 1130 3494 πάλιν
1165 3443 1379 3512 ἀφίημι
1405 3442 1510 3494 τὸν
1537 3443 1788 3510 κόσμον,

210 3535 312 3588 καὶ
360 3535 680 3602 πορεύομαι
736 3533 884 3601 πρὸς
916 3533 1024 3585 τὸν
1068 3532 1334 3600 Πατέραο
1381 3534 1584 3601 κόσμον
1624 3533 1790 3587 εἰπὼν

208 3626 397 3696 τυχὸν,
429 3625 528 3696 τὴν
567 3623 710 3677 κατὰ
759 3623 856 3693 τὴν
904 3625 1101 3693 πρᾶξιν
1141 3623 1248 3676 τῶν
1297 3624 1508 3692 ἀρετῶν
1537 3623 1790 3677 ἐπίπονον

211 3717 516 3789 ἐργασίανο
561 3715 782 3785 Πατέρα
829 3715 906 3778 δὲ,
953 3716 1050 3785 τὴν
1086 3714 1226 3766 κατὰ
1260 3714 1384 3766 νοῦν
1423 3715 1790 3785 ὑπερκόσμιον

210 3806 309 3858 καὶ
348 3804 546 3867 παντὸς
583 3803 872 3873 ἐλευθέραν
907 3803 1091 3856 ὐλικοῦ
1128 3809 1475 3873 φρονήματος
1516 3806 1789 3858 κατάστα-

213 3911 323 3949 σινο
357 3894 482 3947 καθ’
511 3897 577 3965 ἥν
603 3897 658 3948 έν
682 3897 812 3966 ἡμῖν
855 3897 883 3947 ὁ
916 3894 1010 3946 τοῦ
1050 3894 1186 3946 Θεοῦ
1221 3896 1431 3962 γίνεται
1470 3896 1660 3964 Λόγος,
1691 3899 1785 3967 τῆς

210 3987 354 4060 πρὸς
380 3988 450 4040 τὰ
474 3987 618 4056 πάθη
658 3988 752 4039 καὶ
779 3987 903 4049 τούς
929 3986 1190 4054 δαίμονας
1235 3987 1413 4057 μάχης
1448 3989 1779 4058 παυόμενος.

287 4077 387 4146 με’.
429 4079 487 4131 '0
527 4077 777 4146 δυνηθεὶς
814 4077 1087 4146 νεκρῶσαι
1136 4077 1223 4130 διὰ
1265 4075 1517 4145 πράξεως
1555 4079 1622 4131 τὰ
1651 4080 1788 4151 μέλη

209 4171 284 4225 τὰ
314 4172 408 4224 ἐπὶ
445 4170 548 4235 τῆς
584 4171 704 4238 γῆς,
725 4169 820 4222 καὶ
853 4169 1076 4234 νικῆσαι
1106 4169 1192 4221 διὰ
1219 4168 1314 4221 τοῦ
1355 4170 1530 4237 Λόγου
1565 4172 1672 4223 τῶν
1707 4174 1790 4224 ἐν·

209 4262 382 4316 τολῶν
413 4260 505 4312 τὸν
532 4262 589 4312 ὲν
615 4260 764 4330 αὐτῷ
795 4259 902 4312 τῶν
937 4260 1121 4312 παθῶν
1157 4262 1379 4329 κόσμον,
1402 4262 1656 4331 οὐδεμίαν
1679 4264 1789 4327 ’έξει

209 4353 401 4406 λοιπὸν
431 4351 640 4419 θλίψιν·
672 4351 764 4403 τὸν
801 4352 1005 4421 κόσμον
1047 4352 1212 4414 ὲὰσας
1267 4352 1386 4421 ἤδη,
1420 4353 1511 4404 καὶ
1557 4355 1616 4406 ὲν
1656 4357 1789 4426 Χρι-

212 4444 330 4515 στῷ
358 4442 743 4512 γεγενημένος,
774 4443 850 4512 τῷ
874 4443 966 4496 τὸν
996 4443 1198 4513 κόσμον
1229 4443 1509 4510 νικήσαντι
1540 4444 1650 4497 τῶν
1685 4465 1788 4500 πα-

1897 614 2128 670 aﬂ'cctus
2149 618 2502 672 necessitudo
2523 618 2887 689 signiﬁcetur.
2919 624 3162 698 Regnum
3181 630 3330 685 enim
3356 633 3474 698 Dei,

1899 705 2099 775 inquit,
2129 707 2271 760 intra
2292 724 2379 762 vos
2417 717 2494 762 est
2526 709 2592 763 ".

1966 796 2056 851 92.
2088 798 2183 851 Dei
2208 814 2272 853 ac
2297 800 2473 856 Patris
2506 819 2757 874 regnum,
2792 807 3039 874 potentia
3064 807 3228 880 509
3252 811 3476 882 quidem

1903 888 1957 942 in
2008 889 2227 944 cunctis
2256 890 2514 949 ﬁdelibus
2542 903 2627 950 est
2648 914 2661 962 ;
2685 905 2812 952 actu
2847 912 3000 962 vero,
3031 899 3087 952 in
3122 901 3232 956 illis
3258 903 3354 972 qui
3381 919 3480 959 na-

1898 983 2060 1036 turali
2110 983 2261 1037 omni
2317 985 2486 1040 animi
2537 989 2896 1060 corporisque
2935 991 3047 1046 vita
3080 985 3279 1048 affectu
3326 998 3478 1053 omni

1897 1073 2132 1143 abjecta,
2154 1074 2460 1144 spiritalem
2479 1077 2747 1136 duntaxat
2761 1083 2908 1138 nacti
2934 1094 3064 1140 sunt
3085 1102 3100 1153 ;
3136 1098 3478 1160 possuntque

1897 1165 2120 1223 dicere:
2165 1167 2287 1222 Vivo
2315 1184 2442 1239 ego;
2467 1172 2590 1240 jam
2629 1188 2730 1227 non
2763 1190 2897 1245 ego:
2936 1175 3062 1232 vivit
3093 1187 3271 1235 autem
3305 1182 3361 1235 in
3395 1198 3479 1236 me

1899 1251 2135 1310 Christus
2160 1256 2228 1311 “.

1965 1451 2054 1506 95.
2085 1451 2331 1524 Regnum
2357 1457 2625 1513 caelorum
2651 1460 2878 1530 quidam
2907 1479 3029 1520 esse
3071 1465 3285 1532 dicunt,
3311 1484 3474 1538 quam

1897 1541 1954 1596 in
1983 1542 2137 1598 caelis
2180 1544 2332 1614 digni
2364 1551 2530 1616 atque
2571 1550 2736 1606 electi
2789 1553 2914 1609 vita:
2949 1557 3229 1632 rationem
3270 1571 3470 1632 agunt;

1895 1633 2008 1698 alii,
2040 1649 2236 1689 eorum
2262 1638 2357 1707 qui
2393 1639 2629 1695 salutem
2663 1631 3082 1714 consequuntur
3133 1631 3342 1723 angelis
3376 1671 3476 1725 pa-

1896 1740 2014 1780 rem
2045 1733 2281 1795 statum;
2315 1729 2409 1784 alii
2433 1730 2705 1803 denique,
2771 1736 2944 1806 ipsam
2989 1739 3224 1797 formam
3271 1745 3476 1802 divinas

1895 1816 2348 1885 pulchritudinis,
2375 1837 2594 1890 eorum,
2617 1824 2713 1892 qui
2741 1825 3000 1884 Caelestis
3023 1831 3315 1903 imaginem
3333 1853 3471 1906 por-

1898 1914 2017 1963 tant
2037 1908 2104 1963 ⁶¹.
2139 1909 2504 1968 Consentium
2523 1923 2731 1982 autem,
2793 1927 2857 1974 ut
2905 1922 3129 1990 quidem
3177 1926 3470 1993 existimo,

1897 2009 2310 2072 consonantque
2357 2004 2579 2059 veritati
2622 2015 2735 2063 tres
2763 2008 2876 2064 illa}
2899 2014 3210 2069 sententia.
3242 2015 3472 2073 Cunctis

1895 2091 2066 2157 enim,
2091 2108 2192 2163 pro
2225 2104 2342 2150 rata
2371 2096 2620 2166 iustitiae,
2648 2084 2757 2170 qua
2786 2102 3024 2173 quisque
3061 2106 3327 2174 praeditus
3351 2117 3434 2166 est
3453 2152 3469 2174 ,

1895 2183 2160 2252 qualitate
2189 2201 2253 2242 ac
2291 2189 2620 2257 quantitate,
2649 2191 2852 2248 futurae
2882 2209 3085 2252 manus
3113 2199 3309 2267 gratim.
3335 2216 3470 2256 con-

1893 2270 2091 2330 fertur.

1963 2365 2053 2422 94.
2083 2366 2336 2434 Quandiu
2378 2370 2503 2440 quis
2528 2387 2627 2441 per
2650 2374 3052 2446 philosophiam
3101 2379 3306 2436 actioni
3328 2389 3469 2436 -stu-

1895 2453 2139 2522 dentem,
2183 2457 2368 2513 divina
2411 2470 2636 2518 strenue
2665 2466 2967 2520 certamina
3005 2469 3168 2537 gerit,
3199 2485 3347 2535 eum,
3373 2473 3466 2541 qui

1894 2559 1925 2599 a
1958 2545 2118 2602 Patre
2134 2548 2304 2604 exivit
2327 2566 2425 2619 per
2458 2561 2753 2624 praecepta,
2783 2565 2839 2610 et
2869 2556 3023 2611 venit
3061 2557 3118 2612 in
3154 2560 3419 2614 mundum
3452 2602 3467 2625 ,

1893 2636 2035 2704 apud
2067 2637 2464 2697 seSermonem
2491 2645 2721 2700 detinet.
2759 2648 2861 2704 Ubi
2897 2658 3081 2705 autem
3116 2651 3353 2707 actionis
3375 2654 3471 2707 ad-

1894 2741 2086 2784 versus
2108 2729 2340 2785 aifectus
2378 2733 2621 2805 vitiaque
2648 2739 2794 2792 lucta
2823 2741 3060 2807 solutus,
3093 2744 3247 2798 velut
3275 2759 3469 2800 eorum

1895 2828 2059 2888 atque
2074 2821 2387 2879 daemonum
2410 2826 2589 2882 victor
2615 2831 2986 2899 renuntiatus,
3014 2850 3112 2903 per
3133 2838 3471 2907 contempla-

1895 2911 2101 2967 tionem
2125 2914 2193 2969 ad
2224 2915 2439 2972 doctam
2484 2935 2548 2974 ac
2580 2923 2884 2991 sapientem
2916 2926 3321 2998 philosophiam
3347 2929 3469 2983 ani-

1893 3018 2043 3058 mum
2094 3009 2470 3073 transtulerit,
2509 3011 2783 3080 Sermoni,
2842 3024 2901 3068 ut
2962 3017 3162 3071 iterum
3202 3019 3469 3073 mundum

1895 3095 2191 3165 relinquat,
2238 3108 2294 3153 et
2330 3100 2493 3154 vadat
2535 3102 2601 3155 ad
2635 3104 2884 3173 Patrem,
2923 3110 3213 3176 permittit.
3256 3112 3472 3167 ldcirco

1893 3201 2131 3255 namque
2175 3189 2252 3243 ait
2294 3190 2559 3246 Dominus
2588 3193 2878 3265 discipulis
2914 3217 2927 3251 :
2967 3199 3062 3254 Vos
3107 3217 3190 3254 me
3225 3205 3468 3269 amastis,

1900 3283 1949 3328 et
1981 3277 2270 3332 credidistis
2297 3282 2420 3349 quia
2448 3299 2480 3335 a
2504 3282 2613 3336 Deo
2639 3287 2794 3340 exivi.
2831 3286 2986 3341 Exivi
3006 3307 3038 3343 a
3063 3289 3249 3357 Patre,
3278 3301 3329 3345 et
3353 3295 3471 3348 veni

1898 3368 1954 3420 in
1999 3370 2289 3424 mundum:
2326 3373 2519 3427 iterum
2561 3375 2803 3446 relinquo
2832 3381 3108 3446 mundum,
3139 3391 3188 3436 et
3241 3384 3376 3437 vado
3400 3387 3472 3439 ad

1896 3458 2113 3514 Patrem
2145 3462 2190 3493 ⁸³
2235 3481 2248 3515 :
2286 3466 2551 3542 mundum
2608 3467 2748 3521 forte
2804 3470 3126 3538 appellans,
3179 3487 3467 3542 operosam

1898 3550 2132 3604 actionis
2168 3550 2318 3605 cultu
2356 3539 2618 3609 virtutum
2650 3557 3023 3624 iunctionem;
3071 3539 3286 3616 Patrem
3313 3578 3466 3627 vero,

1898 3649 2102 3696 statum
2151 3644 2352 3697 mentis
2381 3647 2586 3701 mundo
2623 3650 2933 3715 cclsiorem,
2967 3661 3024 3705 et
3068 3651 3149 3706 ab.
3187 3653 3336 3707 omni
3363 3662 3471 3709 ter-

1897 3749 2032 3787 reno
2087 3750 2251 3788 sensu
2301 3730 2533 3790 Iib'erum
2569 3740 2825 3808 :qualem
2854 3741 2910 3794 in
2947 3742 3110 3797 nobis
3139 3743 3236 3799 Dei
3274 3744 3470 3800 Sermo

1901 3826 2156 3890 sortitur,
2187 3843 2215 3880 a
2245 3844 2426 3898 pugna
2449 3829 2716 3886 adversus
2744 3831 2977 3891 affectus
3015 3835 3260 3905 vitiaque
3302 3846 3470 3908 atque

1895 3915 2171 3972 damoncs
2203 3928 2397 3974 nactus
2429 3923 2693 3990 requiem.

1964 4095 2054 4150 95.
2087 4095 2192 4161 Qui
2223 4099 2463 4154 actionis
2490 4101 2665 4165 cultu,
2699 4102 2947 4157 membra
2997 4118 3118 4174 qua:
3138 4114 3268 4160 sunt
3303 4122 3470 4176 super

1897 4193 2098 4239 terram
2136 4188 2471 4246 mortiﬁcare
2500 4192 2765 4258 valuit“,
2819 4192 3214 4266 Sermonisque
3247 4197 3472 4253 manda-

1897 4283 2080 4331 torum
2105 4294 2209 4347 ope
2243 4289 2407 4349 atque
2435 4281 2511 4346 vi,
2543 4282 2840 4338 aﬂ‘ectuum
2868 4286 3238 4357 vitiorumque
3267 4288 3320 4342 in
3350 4287 3470 4360 ipso

1896 4367 2160 4422 mundum
2208 4369 2427 4425 vincere
2468 4373 2669 4441 potuit.
2701 4375 2910 4428 nullam
2946 4375 3210 4447 deinceps
3245 4393 3471 4448 pressu-

1896 4474 2012 4512 ram
2061 4459 2310 4524 habebit,
2354 4461 2471 4529 qui,
2510 4463 2705 4518 relicto
2744 4467 2857 4535 jam
2893 4465 3138 4534 mundo,
3191 4475 3248 4523 ut
3300 4469 3371 4523 sit
3412 4470 3468 4524 in

210 4535 345 4598 θῶν,
388 4535 482 4586 καὶ
510 4535 688 4601 πάσης
728 4533 952 4603 εἰρήνης
982 4531 1221 4602 χορηγῷ.
1257 4533 1315 4583 Ὀ
1355 4531 1461 4601 γὰρ
1493 4533 1591 4603 τὴν
1620 4552 1788 4606 προσο

1894 4547 2114 4603 Ghristo
2138 4551 2328 4604 mundi
2355 4552 2650 4607 affectuum
2687 4531 2951 4611 vitiorum
2985 4559 3196 4614 victore
3231 4575 3296 4614 ac
3319 4561 3472 4630 pacis

209 4627 448 4680 πάθειαν
489 4627 598 4678 τῶν
642 4626 842 4678 ὐλικῶν
887 4626 962 4695 μὴ
1005 4627 1184 4692 ἀφεὶς,
1225 4625 1314 4677 διὰ
1363 4626 1564 4688 παντὸς
1613 4627 1790 4697 θλίψιν

210 4719 350 4782 ἕξει·
397 4720 507 4779 τοῖς
572 4717 713 4770 κατὰ
771 4717 930 4785 φύσιν
979 4717 1380 4786 ὰλλοιουμένοις
1425 4717 1522 4784 τὴν
1564 4719 1789 4789 γνώμην

215 4809 722 4880 συναλλοιούμενος.
779 4810 835 4861 ’0
861 4811 918 4862 δὲ
950 4802 1240 4878 γενόμενος
1285 4812 1341 4862 έν
1392 4812 1635 4882 Χριστῷ,
1668 4813 1791 4863 κατ’

211 4904 408 4959 οὐδένα
455 4905 610 4973 λόγον
647 4903 965 4973 αἰσθήσεται
1009 4904 1108 4971 τῆς
1149 4905 1368 4958 οἱασοῦν
1400 4906 1588 4973 ὑλικῆς
1627 4922 1790 4972 μετα-

210 4997 498 5056 πτώσεως.
541 4995 630 5044 Διό
671 5008 837 5061 φησιν
887 4994 915 5043 ὁ
970 4990 1194 5061 Κύριοςο
1247 4992 1435 5045 Ταῦτα
1476 4992 1791 5058 λελάληκα

209 5084 381 5153 ὑμῖν,
428 5085 528 5136 ἵνα
564 5085 635 5137 ἐν
659 5083 788 5152 ἐμοὶ
826 5082 1076 5150 εἰρήνην
1116 5081 1313 5150 ἔχητε.
1356 5084 1457 5137 Ἐν
1480 5084 1558 5148 τῷ
1588 5086 1792 5153 κόσμῳ

213 5174 429 5242 θλίψιν
465 5174 651 5236 ἕξετε·
683 5174 845 5227 ἀλλὰ
888 5173 1180 5240 θαρσεῖτε,
1222 5173 1337 5240 ἐγὼ
1368 5175 1657 5241 νενίκηκα
1688 5177 1793 5228 τὸν

211 5268 469 5335 κόσμον.
500 5268 811 5329 Τουτέστιν,
851 5266 940 5319 Ἐν
977 5267 1098 5334 ἐμοὶ
1137 5265 1214 5336 τῷ
1258 5267 1414 5336 Λόγῳ
1443 5267 1540 5336 τσῆς
1568 5268 1792 5338 ἀρετῆς,

214 5360 439 5430 εἰρήνην
465 5359 635 5429 ἔχετε·
665 5358 1072 5428 ἀπηλλαγμένοι
1101 5359 1198 5427 τῆς
1243 5358 1351 5411 τῶν
1381 5359 1578 5410 ὐλικῶν
1606 5359 1792 5414 παθῶν

213 5468 278 5504 τε
314 5451 410 5503 καὶ
437 5450 777 5518 πραγμάτων
824 5447 1173 5519 στροϐώσεώς
1221 5466 1277 5500 τε
1317 5449 1410 5501 καὶ
1445 5451 1708 5519 ταραχῆς·
1733 5453 1790 5504 ἐν

214 5542 275 5593 δὲ
299 5540 376 5609 τῷ
403 5542 610 5610 κόσμῳ,
650 5541 928 5592 τουτέστιν
969 5543 1026 5592 ἐν
1163 5540 1503 5609 προσπαθείᾳ
1535 5541 1643 5593 τῶν
1674 5543 1789 5594 ὑλι-

218 5633 370 5694 κῶν,
414 5632 611 5701 θλίψιν,
667 5633 753 5685 διὰ
799 5634 897 5702 τὴν
931 5633 1110 5684 αὐτῶν
1165 5632 1563 5702 ἀλλεπάλληλον
1620 5637 1788 5703 μετά-

292 5749 337 5778 ⁵³
371 5747 500 5800 Luc.
530 5765 657 5809 xvu,
681 5749 766 5801 ‘20.

222 5817 267 5850 “
300 5818 449 5873 low.
482 5835 585 5879 xw,
619 5819 703 5875 .33.

1892 4639 2071 4693 omnis
2092 4650 2338 4706 auctore,
2373 4652 2566 4698 nactus
2587 4645 2677 4700 sit.
2702 4635 2807 4713 Qui
2825 4649 2973 4702 enim
3011 4657 3358 4705 terrenorum
3385 4650 3466 4705 af-

1890 4728 2093 4781 fectum
2128 4745 2192 4783 ac
2239 4730 2527 4784 libidinem
2563 4749 2673 4787 non
2718 4735 2960 4805 reliquit,
2999 4752 3219 4808 semper
3249 4755 3473 4808 pressu-

1891 4832 2005 4869 ram
2033 4817 2288 4884 habebit;
2330 4822 2424 4888 qui
2455 4839 2652 4891 nempe
2681 4839 2787 4877 una
2818 4839 2943 4878 cum
2975 4826 3084 4881 illis
3123 4842 3248 4895 qua:
3272 4840 3470 4884 natura

1890 4918 2193 4974 mutantur,
2236 4911 2351 4979 ipse
2391 4913 2621 4980 perinde
2654 4916 2797 4970 alius
2833 4933 2901 4971 ex
2924 4919 3035 4972 alio
3060 4927 3323 4973 mutetur.
3358 4914 3468 4981 At,

1891 5000 1986 5069 qui
2027 5010 2221 5055 nactus
2275 5012 2359 5057 est
2421 5012 2482 5058 ut
2533 5006 2605 5060 sit
2682 5007 2738 5061 in
2781 5008 3035 5073 Christo,
3087 5012 3298 5064 nullam
3357 5013 3469 5064 ullo

1892 5091 2055 5146 modo
2097 5093 2370 5161 ejusmodi
2410 5111 2638 5151 casuum
2665 5100 3159 5168 .mutationumque
3188 5101 3471 5155 vicissitu-

1891 5181 2075 5236 dinem
2101 5181 2263 5253 510
2290 5186 2511 5240 sentiet.
2537 5187 2749 5242 Idcirco
2769 5189 2848 5243 ait
2875 5190 3142 5244 Dominus
3178 5207 3192 5242 :
3228 5191 3351 5245 ch
3388 5192 3469 5245 lo—

1890 5285 2040 5328 cutus
2057 5292 2173 5328 sum
2197 5277 2358 5341 vobis,
2390 5286 2446 5330 ut
2471 5279 2526 5331 in
2559 5296 2641 5332 me
2663 5297 2845 5350 pacem
2884 5284 3141 5338 habeatis.
3175 5281 3237 5338 In
3276 5271 3470 5339 mundo

1893 5381 2196 5434 pressuram
2234 5367 2527 5434 habebitis;
2570 5372 2661 5424 sed
2715 5373 2991 5441 conﬁdite;
3029 5391 3122 5445 ego
3162 5377 3263 5429 vici
3313 5393 3470 5429 mun-

1896 5455 2020 5508 dum
2036 5455 2100 5509 δ”.
2125 5457 2185 5510 1η
2206 5475 2293 5513 me
2327 5461 2554 5527 scilicet,
2582 5466 2676 5532 qui
2703 5451 3149 5530 virtutisSermo
3180 5467 3281 5521 sim
3305 5469 3471 5539 atque

1898 5548 2058 5611 ratio,
2093 5565 2282 5617 pacem
2340 5552 2904 5620 habebitis,.l~ibcrati
2930 5573 2959 5611 a
2985 5562 3340 5627 terrenarum
3392 5560 3470 5612 af-

1894 5637 2136 5691 fectuum
2191 5633 2484 5711 rerumque
2524 5661 2669 5701 caeca
2716 5649 3091 5719 vertiginc'ac
3116 5650 3466 5715 turba-tione;

847 5750 889 5779 ω
925 5749 1058 5802 ibid.
1089 5746 1172 5801 9|.
1254 5750 1294 5778 δί’
1320 5748 1491 5803 Galat.
1531 5765 1585 5813 ιι,
1613 5752 1700 5806 20.

1894 5753 2050 5814 [(ἶοι.
2085 5734 2295 5822 κνμῖθί
2356 5757 2398 5834 ‘f
2428 5759 2582 5816 .loan.
2641 5745 2864 5828 “1,9,7.
2941 5764 2984 5795 "
3031 5762 3241 5818 Coloss.
3286 5780 3364 5828 ιιι,
3414 5763 3464 5817 5.
