4192 6436
239 473 380 537 1173
1081 476 1417 541 CAPITUM
1452 475 1724 539 THEOL.
1765 475 1859 534 ET
1898 474 2133 534 (ECON.
2171 475 2558 536 CENTURIA
2608 476 2666 534 ΙΙ
3365 478 3497 544 11⁸14

232 583 397 656 σῶμα
422 584 554 655 πρὸς
587 586 685 657 τὴν
713 587 913 658 ψυχὴν,
944 587 1135 656 γέγονε
1166 586 1368 658 κιθάρα
1402 585 1538 639 Θεοῦ
1578 582 1673 638 καὶ
1711 584 1800 636 αύ-

1912 585 2181 637 concinne
2206 583 2437 653 aptavit,
2464 583 2561 638 Dei
2602 584 2818 640 cithara
2841 586 3087 657 tibiaque
3116 602 3182 643 ac
3232 590 3496 658 templum

226 678 326 742 λὸς
371 680 464 732 καὶ
488 679 631 742 ναός.
675 681 891 753 Κιθάρα
937 680 1058 750 μὲν,
1088 680 1164 743 ὼς
1209 680 1392 743 καλῶς
1440 677 1684 748 φυλάξας
1713 675 1800 745 τὴι

1914 673 2109 728 evasit.
2140 672 2365 729 Cithara
2390 674 2638 746 quidem,
2676 684 2737 730 ut
2772 677 2865 746 qui
2900 678 3124 734 virtutis
3162 690 3492 740 concentum

224 770 343 821 τῶν
370 769 579 841 ἀρετῶν
622 771 909 841 ἁρμονίαν·
942 770 1105 834 αὐλὸς
1145 772 1223 833 δὲ,
1268 770 1345 831 ὼς
1383 768 1473 823 διὰ
1507 767 1617 821 τῶν
1651 764 1800 819 θείωι

1914 765 2177 835 praeclare
2219 767 2455 821 servarit
2491 785 2504 821 :
2543 767 2677 823 tibia
2706 777 2913 833 autem,
2951 780 3010 825 ut
3040 773 3133 841 qui
3174 789 3273 843 per
3308 773 3495 829 divina

224 861 605 933 θεωρημάτων
656 862 1034 934 εἰσδεχόμενος
1081 861 1180 933 τὴν
1230 860 1324 914 τοῦ
1364 859 1681 930 Πνεύματος
1709 857 1800 925 ἔμε

1914 868 2099 920 sensa,
2151 854 2394 925 Spiritus
2436 858 2491 911 in
2519 874 2579 914 se
2629 858 2873 913 amatum
2914 862 3179 931 recipiat;
3230 864 3495 935 templum

223 969 479 1007 ’πνευσινυ
503 956 629 1018 ναὸς
658 955 735 1021 δὲ,
756 955 831 1018 ὡς
869 955 955 1009 διά
983 955 1082 1025 τὴν
1112 954 1255 1008 κατά
1284 952 1408 1007 νοῦν
1442 952 1800 1021 καθαρότητα¹

1914 959 2065 1011 vero,
2101 955 2160 1001 ut
2189 948 2283 1018 qui
2321 948 2394 1003 ob
2435 952 2635 1007 mentis
2674 953 2971 1025 puritatem
3002 953 3169 1010 Verbi
3213 955 3499 1012 habitacu-

223 1041 325 1095 τοῦ
366 1044 540 1113 Λόγου
565 1045 804 1115 γεγονὼς
832 1047 1273 1117 κατοικητήριον.

1912 1036 2025 1093 lum
2048 1040 2227 1097 factus
2255 1044 2344 1097 sit.

600 1266 1090 1321 ΑΝΕΠΙΓΡΑΦΟΥ
1134 1266 1387 1320 ΣΧΟΛΙΔ
1404 1269 1443 1319 '.

296 1354 370 1410 α’.
408 1357 519 1426 οὐχ
545 1357 621 1420 ὡς
662 1358 1139 1427 ἐπιτυγχανόντων
1169 1355 1331 1409 τινῶν
1378 1354 1486 1407 τῶν
1526 1351 1661 1423 πρὸς
1695 1349 1811 1403 ἐπί-

216 1444 394 1510 δειξιν
444 1447 771 1517 ἐφιεμένων,
803 1449 832 1501 ὁ
874 1448 1054 1515 λόγος,
1080 1446 1195 1500 ἀλλ’
1218 1447 1295 1509 ὡς
1323 1444 1539 1505 πάντως
1569 1443 1812 1507 ἀποτυγ-

220 1539 519 1607 χανόντων.
547 1539 646 1592 Διά
677 1540 732 1592 δὲ
754 1539 870 1602 τοῦ,
893 1542 1006 1594 Ἐν
1026 1557 1140 1593 τινι
1162 1538 1279 1592 τῶν
1300 1539 1532 1606 ὁμόρων
1555 1534 1812 1605 ποιείτω,

218 1630 319 1682 καὶ¹
346 1630 415 1683 τὰ
443 1630 592 1700 ἐξῆς,
627 1631 907 1702 σημαίνει,
940 1632 1002 1683 τὸ
1039 1631 1115 1700 μὴ
1144 1626 1495 1697 ἐπιγίνεσθαί
1541 1643 1645 1677 τινι
1678 1622 1810 1691 γνῶ⁴

218 1738 312 1774 σιν
344 1721 441 1793 τὴν
477 1723 674 1793 ἀληθῆ,
706 1725 756 1777 εί
786 1724 861 1795 μὴ
898 1723 987 1777 διὰ
1017 1723 1198 1776 πόνων
1229 1720 1583 1789 σωματικῶν.
1615 1718 1807 1789 ἢγουν.

216 1813 294 1866 δι’
327 1815 659 1885 ἐγκρατείας
706 1818 802 1869 καὶ
856 1816 1099 1885 ἀγάπης,
1154 1814 1223 1869 δι’
1253 1810 1328 1868 ὦν
1371 1816 1405 1884 ἡ
1442 1811 1710 1881 κάθαρσις
1738 1810 1806 1878 τῇ

214 1904 369 1977 ψυχῇ
391 1922 405 1936 ·
438 1907 728 1975 Μακάριοι
759 1908 896 1978 γάρ,
933 1909 1100 1978 φησιν
1119 1949 1134 1973 ,
1160 1911 1213 1961 οι
1241 1904 1485 1974 καθαροί
1520 1902 1637 1971 τὴν
1664 1916 1805 1968 καρ-

213 1997 383 2063 δίαν,
420 1998 509 2051 ὅτι
540 2000 711 2054 αὐτοὶ
750 2000 857 2053 τὸν
887 2000 1037 2054 Θεὸν
1065 2001 1340 2069 ὄψονται.

297 2173 366 2246 β’.
395 2177 613 2244 Τούτοις
647 2179 882 2250 μάλιστα
914 2181 1267 2251 ἐλεγχόμεθα,
1306 2180 1406 2250 τὴν
1437 2179 1804 2250 φιλαργυρίαν

216 2268 530 2335 νοσοῦντες,
561 2273 655 2324 καὶ
684 2272 762 2342 τῷ
796 2275 1035 2344 μαμωνᾷ
1061 2272 1449 2334 καταθύοντες.

294 2364 366 2428 γ’.
401 2362 513 2415 Καὶ
549 2361 723 2416 ταῦτα
767 2363 909 2417 κατά
956 2363 1065 2417 τῶν
1106 2364 1491 2433 Εἰκονομάχων
1519 2362 1800 2432 ἄντικρυς.

223 2452 369 2522 Ὅρα
398 2453 455 2506 δέ
485 2454 566 2508 ὅτι
598 2455 801 2522 γνῶσις
826 2457 860 2526 ἡ
904 2454 1140 2509 ἐνταῦθα
1173 2456 1391 2524 λέγεται
1426 2457 1646 2527 μερική·
1683 2457 1717 2525 ή
1746 2456 1803 2507 δὲ

218 2543 318 2597 τοῦ
347 2544 483 2597 Θεοῦ
514 2547 695 2614 σοφία,
736 2548 834 2617 ὅλη
871 2549 930 2602 ἐν
963 2547 1042 2617 τῷ
1071 2549 1261 2618 κόσμῳ
1290 2550 1431 2613 ἐστὶ,
1454 2548 1577 2602 καθ’
1610 2547 1640 2600 ὃ
1667 2548 1801 2601 Θεο-

217 2636 381 2703 λόγος
428 2636 622 2706 φησίν·
673 2638 774 2692 Ἑν
812 2638 893 2704 τῷ
927 2640 1133 2709 κόσμῳ
1170 2639 1278 2710 γάρ
1315 2636 1413 2708 ἦν,
1445 2640 1544 2693 καὶ
1570 2640 1803 2709 κόσμος

217 2725 297 2778 δι’
333 2726 522 2780 αὑτοῦ
560 2725 816 2796 ἐγένετο.

288 2814 359 2870 δ’.
393 2818 514 2870 Ἔτι
543 2820 638 2871 καὶ
679 2818 839 2890 ήμῶν
871 2819 1102 2884 ἕκαστος
1141 2824 1256 2885 τοῖς
1297 2821 1579 2892 αἰσθητοῖς
1632 2839 1803 2893 προσ-

218 2909 481 2980 κείμενος
569 2910 627 2976 ἐξ
721 2912 941 2981 ἀγνοίας
981 2952 996 2977 ,
1078 2913 1170 2966 τὸν
1248 2913 1502 2985 Καίσαρα
1579 2911 1801 2985 βασιλέα

215 3002 624 3073 ἐπιγράφεται·
676 3004 768 3056 καὶ
824 3003 899 3073 τῷ
950 3004 1196 3074 Πιλάτῳ,
1244 3008 1309 3076 τῇ
1363 3006 1632 3076 αἰσθήσει,
1666 3024 1800 3076 προ-

216 3094 407 3147 δίδωσι
436 3095 525 3148 τὸν
560 3095 731 3163 Λόγον
765 3100 843 3159 είς
876 3096 1126 3151 θάνατον.
1160 3099 1384 3160 Πάντως
1408 3099 1466 3153 δὲ
1498 3100 1635 3169 μετά
1665 3103 1801 3154 Καί-

2202 1260 2480 1316 ιΝϐΕῐίΤΙ
2512 1261 2858 1319 AUCTORIS
2899 1262 3209 1320 SCHOLIA.

1992 1352 2038 1405 1.
2081 1351 2200 1406 Νοιι
2249 1353 2406 1422 quasi
2451 1355 2642 1422 aliqui,
2701 1370 2919 1416 eorum,
2953 1357 3051 1425 qui
3101 1357 3495 1413 ostentationis

1919 1458 2083 1498 causa
2111 1452 2396 1515 expetunt,
2447 1454 2730 1516 compotes
2783 1448 2938 1513 ﬁant,
2968 1447 3041 1501 ita
3092 1448 3360 1517 loquitur,
3395 1449 3491 1504 sed

1919 1537 2070 1592 velut
2090 1539 2227 1593 nulli
2253 1555 2483 1609 prorsus
2514 1539 2936 1595 ﬁant..Dieendo
2970 1547 3175 1604 autem,
3218 1541 3283 1596 In
3302 1542 3493 1595 vicinia

1914 1630 2150 1697 quadam
2184 1647 2274 1684 seu
2303 1630 2549 1698 conﬁnio,
2599 1640 2730 1695 ctc.,
2778 1631 3072 1701 signiﬁcat,
3111 1632 3320 1686 nemini
3360 1646 3494 1686 con-

1914 1719 2126 1790 tingere
2164 1733 2225 1775 ut
2269 1736 2458 1776 veram
2506 1722 2759 1791 acquirat
2787 1722 3103 1786 scientiam,
3138 1723 3274 1794 quin
3296 1738 3495 1793 corpo-

1911 1811 2118 1866 ralibus
2155 1812 2435 1867 laboribus
2480 1814 2854 1882 (continentia
2885 1814 3100 1869 scilicet
3121 1824 3176 1869 et
3199 1814 3488 1879 charitate,

1840 1882 1882 1937 Β
1909 1905 2111 1975 quibus
2139 1906 2475 1961 emundatur
2518 1904 2756 1975 animus)
2800 1905 3076 1976 fungatur.
3113 1906 3266 1960 Beati
3299 1908 3446 1961 enim
3471 1949 3486 1972 ,

1908 1997 2122 2068 inquit,
2164 1998 2361 2051 mundo
2430 1997 2622 2062 corde,
2673 1997 2928 2067 quoniam
2978 1997 3080 2066 ipsi
3135 1996 3302 2049 Deum
3343 1998 3488 2051 vide-

1908 2090 2033 2142 bunt
2060 2092 2125 2142 ⁷ο.

1973 2182 2025 2234 2.
2058 2182 2151 2237 [lis
2203 2182 2438 2236 maxime
2477 2180 2881 2242 convincimur,
2922 2180 3179 2234 laborare
3214 2195 3319 2233 nos
3358 2194 3479 2234 ava-

1904 2273 2044 2328 ritiae
2080 2273 2289 2336 morbo,
2318 2289 2382 2329 ac
2404 2288 2725 2328 mammonae
2748 2272 3079 2327 sacriﬁcare.

1971 2363 2025 2416 5.
2056 2362 2179 2417 Haec
2205 2379 2425 2433 quoque
2456 2364 2634 2433 palam
2680 2372 2875 2418 contra
2924 2362 3342 2417 lconomachos.
3374 2360 3483 2417 Ob-

1903 2466 2062 2507 serva
2094 2460 2298 2507 autem.
2324 2468 2447 2522 qua:
2470 2453 2633 2523 hujus
2651 2453 2752 2507 ιενί
2781 2460 2884 2516 est,
2915 2452 3224 2517 scientiam,
3255 2468 3319 2506 ca:
3334 2461 3485 2522 parte

1902 2544 2047 2599 dici:
2076 2544 2171 2599 Dei
2200 2554 2383 2599 autem
2410 2543 2702 2614 sapientia,
2726 2550 2840 2598 tota
2864 2544 2919 2597 in
2938 2543 3143 2598 mundo
3159 2552 3265 2607 est,
3293 2559 3483 2613 quem-

1901 2636 2197 2692 admodum
2229 2636 2366 2691 dicit
2394 2636 2706 2707 Theologus
2732 2655 2745 2690 :
2770 2635 2838 2688 In
2863 2636 3058 2690 mundo
3087 2634 3237 2691 enim
3273 2643 3412 2701 erat,
3434 2644 3482 2689 et

1903 2728 2127 2780 mundus
2151 2743 2245 2797 per
2265 2728 2438 2797 ipsum
2469 2727 2640 2795 factus
2672 2734 2748 2780 est
2772 2727 2839 2781 “.

1972 2820 2026 2873 4.
2065 2818 2261 2873 Adhuc
2303 2818 2473 2871 etiam
2513 2820 2749 2888 quisque
2782 2826 3036 2873 nostrum
3072 2835 3141 2874 ex
3168 2819 3483 2889 ignorantia

1900 2910 2134 2965 terrenis
2167 2909 2467 2975 addicitur,
2502 2908 2771 2965 Caesarem
2806 2911 2912 2965 sibi
2941 2928 3126 2983 regem
3148 2912 3393 2976 asciscit,
3416 2928 3481 2967 ac

1900 3004 2076 3058 Pilato
2106 3002 2183 3072 (id
2209 3012 2313 3067 est,
2360 3002 2567 3071 sensui)
2619 3002 2941 3058 Sermonem
2990 3004 3110 3059 neci
3150 3004 3480 3059 tradendum

1900 3094 2103 3164 prodit.
2136 3095 2371 3149 Prorsus
2416 3110 2570 3158 vero,
2618 3109 2745 3147 cum
2790 3094 3015 3151 Caesare
3056 3096 3225 3150 etiam
3269 3095 3474 3150 Herodi

216 3200 388 3254 σαρος
443 3185 536 3240 καὶ
574 3185 650 3255 τῷ
688 3186 900 3257 Ἡρώδῃ
967 3187 1271 3252 ὑπόκειται,
1307 3191 1336 3242 ὁ
1369 3191 1485 3241 κατ’
1518 3191 1797 3260 ἐνέργειαν

1899 3190 2180 3260 subjectus
2215 3197 2321 3253 est,
2352 3190 2448 3259 qui
2496 3204 2663 3259 opere
2710 3198 2902 3257 peccat
2943 3200 3002 3244 et
3031 3190 3085 3244 in
3113 3188 3241 3243 mali
3287 3188 3477 3244 habitu

216 3277 579 3346 ἁμαρτάνων,
607 3278 701 3331 καὶ
728 3280 787 3331 ἐν
816 3277 925 3343 ἕξει
967 3281 1258 3349 γενόμενος
1294 3280 1388 3335 τοῦ
1434 3282 1623 3338 κακοῦ.
1663 3285 1796 3337 Ἰου-

1899 3291 2174 3338 versatur.
2218 3282 2442 3337 Judzeus
2491 3290 2598 3347 est,
2648 3283 2743 3350 qui
2786 3284 3047 3338 virtutem
3104 3281 3320 3335 habitui
3359 3281 3477 3335 vitii

213 3368 368 3431 δαῖός
407 3370 523 3420 ἐστι
560 3369 659 3436 τὴν
693 3369 893 3440 ἀρετὴν
937 3370 1220 3441 προδιδοὺς
1247 3375 1311 3442 τῇ
1340 3372 1449 3436 ἕξει
1478 3374 1576 3443 τῆς
1598 3376 1797 3439 κακίας

217 3458 553 3530 ὑποχείριον·
588 3460 681 3512 καὶ
718 3460 818 3531 τὴν
855 3463 955 3530 μὲν
995 3462 1089 3515 τοῦ
1126 3463 1261 3517 Θεοῦ
1294 3463 1570 3533 βασιλείαν
1599 3469 1795 3538 ἀρνού-

218 3567 409 3620 μενος,
448 3550 541 3604 τοῦ
580 3552 826 3606 διαϐόλου
862 3554 916 3606 δὲ
964 3557 1030 3624 τῇ
1062 3557 1340 3627 τυραννίδι
1372 3560 1790 3629 προσκείμενος.

288 3645 355 3694 ε’.
393 3640 515 3695 Ὂτι
554 3644 619 3695 ἐκ
658 3642 756 3712 τῆς
781 3643 874 3696 τοῦ
907 3644 1042 3697 Θεοῦ
1066 3646 1312 3714 ἀγνοίας,
1344 3649 1375 3718 ή
1413 3648 1671 3715 φιλαυτία
1701 3649 1797 3703 καὶ

212 3730 281 3783 τὸ
311 3732 757 3803 γαστρίμαργον-
802 3735 870 3787 δι’
897 3733 935 3787 ἃ
978 3734 1076 3805 τὴν
1112 3736 1290 3806 σάρκα
1342 3739 1433 3790 καὶ
1472 3738 1563 3791 τὸν
1594 3740 1796 3808 κόσμον

213 3821 382 3885 εὐθὺς
408 3825 795 3895 ἠγαπήσαμεν·
828 3828 921 3880 καὶ
952 3827 1001 3879 εί
1042 3828 1115 3900 μὴ
1139 3830 1345 3883 τούτων
1378 3830 1482 3895 ἔξω
1511 3832 1796 3902 γενώμεθα

211 3914 310 3967 διὰ
336 3916 433 3984 τῆς
474 3916 610 3985 πρὸς
640 3915 774 3968 Θεὸν
816 3918 1057 3989 ἀγάπης,
1089 3919 1186 3989 τῆς
1220 3921 1299 3982 είς
1341 3921 1431 3973 τὸν
1460 3922 1685 3991 πλησίον
1708 3924 1796 3975 διὰ

210 4005 317 4074 τῆς
340 4008 581 4076 φυλακῆς
606 4006 714 4060 τῶν
738 4009 966 4061 ἐντολῶν
986 4011 1408 4084 ἐνεργουμένης,
1436 4012 1608 4076 ἄλλως
1638 4014 1794 4085 ἄτρεο

213 4116 343 4151 πτοι
372 4099 551 4169 μένειν
592 4102 649 4152 ἐν
688 4099 765 4171 τῷ
800 4101 947 4171 καλῷ
972 4103 1031 4154 οὐ
1071 4103 1365 4173 δυνάμεθα.

291 4197 365 4256 ς’.
405 4192 663 4265 [lapatth
703 4195 907 4258 πάντες
956 4198 1005 4248 οἱ
1054 4194 1223 4264 ἅγιοι,
1284 4197 1360 4260 ὼς
1413 4198 1472 4250 ἐν
1509 4199 1795 4269 ἐσόπτροις

212 4282 314 4335 καὶ
348 4284 634 4353 αἰνίγμασι
680 4284 970 4354 βλέποντες
1011 4286 1110 4359 τὴν
1142 4289 1421 4358 ἀλήθειαν.
1455 4292 1516 4343 Οί
1541 4290 1597 4343 δὲ
1638 4292 1795 4345 Εἰκοο

212 4375 447 4444 νομάχοι
494 4378 568 4445 μὴ
600 4378 1032 4448 παραδεχόμενοι
1092 4381 1325 4433 κατιδεῖν
1382 4383 1439 4435 ἐν
1484 4383 1790 4453 ἐσόπτροις,

212 4466 532 4518 παντάπασι
565 4466 665 4535 τῆς
689 4467 945 4538 ἀληθείας
974 4468 1425 4525 ἀποπεπτώκασι.

288 4642 354 4709 ζ’.
400 4646 463 4697 '0
494 4646 638 4712 Θεὸς
688 4647 838 4713 ἔστη
869 4648 939 4700 ἐν
966 4645 1290 4715 συναγωγῇ
1317 4646 1485 4701 θεῶν.
1528 4648 1637 4701 Καὶ
1684 4649 1787 4716 ὅρα

207 4733 315 4803 τὴν
348 4734 578 4805 δύναμιν
621 4734 729 4788 τῶν
773 4736 1040 4803 ἀγγέλων·
1092 4740 1187 4790 καὶ
1231 4740 1312 4791 ὅτι
1355 4741 1382 4792 ὁ
1416 4739 1490 4811 μὴ
1522 4742 1789 4794 πιστεύων

210 4828 413 4898 χρῆναι
454 4828 590 4899 πρὸς
633 4829 733 4895 τὴν
776 4828 1017 4899 κεφαλὴν
1062 4830 1331 4900 συνῆφθαι
1377 4831 1445 4885 τὰ
1481 4832 1638 4903 μέλη,
1668 4835 1791 4887 ἄπι-

213 4919 343 4981 στός
381 4921 516 4977 ἐστι.
554 4919 649 4972 καὶ
675 4919 927 4972 ἐντεῦθεν
958 4921 1057 4991 ἥδη
1100 4921 1371 4993 κέκριται.

288 5014 356 5077 η’.
391 5010 485 5071 Τίς
512 5011 651 5063 οἰκεῖ
676 5009 782 5062 τῶν
810 5011 1089 5064 Χαλδαέων
1119 5013 1215 5080 τὴν
1247 5013 1369 5083 γῆν’
1403 5015 1483 5076 τίς
1508 5016 1604 5085 τὴν
1638 5017 1785 5087 Χαρ-

212 5101 320 5171 ραν
351 5101 453 5171 τῆς
497 5103 954 5173 Μεσοποταμίας;
989 5105 1083 5166 Τίς
1114 5106 1247 5176 πρὸς
1288 5106 1385 5177 τὴν
1420 5108 1524 5176 γῆν
1554 5109 1787 5177 μετάγε-

208 5209 307 5244 ται
333 5192 432 5261 τὴν
459 5193 690 5263 ἀγαθὴν,
725 5194 791 5263 ἢν
839 5194 1231 5262 ἐπαγγέλλεται
1259 5196 1450 5250 δώσειν
1490 5201 1601 5261 τοῖς
1645 5200 1785 5266 ἀγα-

211 5281 393 5334 πῶσιν
412 5282 573 5334 αὐτὸν
599 5285 626 5335 ό
650 5283 781 5346 Θεός
803 5300 817 5348 ;

288 5372 354 5429 θ’.
393 5373 483 5428 Fr.
512 5375 635 5427 ’Ότι
683 5377 776 5429 καὶ
829 5378 993 5430 πάλαι
1046 5378 1148 5447 πρὸ
1189 5379 1290 5447 τῆς
1338 5379 1649 5448 ἐπιδημίας,
1694 5382 1787 5433 καὶ

211 5466 312 5521 νῦν
348 5466 485 5537 μετά
527 5466 625 5537 τὴν
664 5468 982 5538 ἐπιδημίαν,
1030 5469 1235 5539 νοητῶς
1270 5472 1326 5521 ἐν
1360 5473 1491 5539 ἡμῖν
1521 5471 1787 5540 ἐνδημεῖό

209 5558 308 5611 τοῦ
339 5559 473 5612 Θεοῦ
505 5561 709 5628 Λόγος,
754 5562 997 5631 κρυφίως
1050 5564 1335 5632 ἀναφέρων
1380 5563 1513 5626 πρὸς
1543 5563 1609 5616 τὰ
1645 5564 1783 5618 θειό-

208 5666 367 5720 τερα.

289 5804 332 5834 το
360 5803 546 5859 Matth.
579 5823 629 5865 v,
667 5806 717 5859 8.
792 5806 833 5837 ⁷¹
867 5805 1021 5859 Joan.
1056 5818 1092 5870 ι,
1124 5805 1205 5859 10.
1284 5807 1327 5839 ⁷²
1356 5807 1497 5860 Psal.
1534 5823 1709 5873 anxr,
1748 5810 1795 5863 1.

1898 3373 2261 3442 mancipatam
2292 3373 2511 3442 prodit;
2544 3374 2640 3428 Dei
2666 3375 2889 3443 quidem
2920 3375 3198 3445 abnegans
3224 3390 3477 3447 regnum,

1898 3466 2101 3521 diaboli
2135 3482 2265 3519 vero
2301 3466 2609 3536 tyrannidis
2632 3467 2869 3521 devotus
2902 3468 3103 3522 cultor.

1966 3645 2016 3699 5.
2056 3644 2133 3698 Ex
2183 3644 2278 3698 Dei
2329 3644 2638 3714 ignorantia
2689 3646 2946 3715 provenit
2990 3662 3169 3701 caecus
3224 3646 3478 3718 corporis

1897 3752 2051 3791 amor
2077 3746 2132 3790 et
2166 3736 2324 3805 gula;
2358 3752 2595 3806 quorum
2627 3739 2801 3808 gratia
2840 3739 3026 3793 statim
3055 3754 3278 3794 carnem
3311 3756 3475 3795 mun-

1896 3831 2138 3899 dumque
2176 3830 2488 3885 dileximus.
2543 3832 2622 3886 Ae
2668 3832 2771 3886 nisi
2797 3833 2891 3887 Dei
2939 3833 3210 3887 charitate
3239 3834 3348 3889 illis
3383 3850 3478 3889 ex-

1896 3922 2251 3985 cesserimus,
2282 3937 2404 3990 qua:
2430 3922 2690 3976 videlicet
2714 3923 2829 3991 ipsa
2857 3922 3246 3977 mandatorum
3278 3924 3473 3978 obser-

1894 4014 2115 4067 vatione
2144 4028 2270 4083 erga
2311 4014 2622 4081 proximum
2657 4013 2847 4068 eilicax
2877 4015 2969 4078 sit,
3004 4022 3063 4068 ut
3107 4015 3162 4067 in
3191 4014 3337 4069 bono
3375 4016 3475 4069 im-

1894 4106 2126 4159 mobiles
2154 4105 2538 4174 persistamus,
2574 4105 2998 4175 haudquaquam
3032 4105 3147 4160 ﬁeri
3173 4107 3367 4175 possit.

1964 4197 2124 4267 512
2144 4198 2195 4252 6.
2221 4197 2610 4253 Sanctiomnes
2632 4199 2824 4253 incolae
2848 4207 3047 4253 suntet
3065 4200 3367 4269 peregrini,
3416 4208 3470 4256 ut

1894 4289 1987 4358 qui
2017 4289 2303 4343 veritatem
2324 4288 2379 4342 in
2409 4291 2650 4359 speculis
2685 4290 2982 4344 videantet
3008 4290 3317 4361 aenigmatis
3350 4289 3467 4361 (οὓς

1893 4380 2071 4435 scuris
2092 4381 2301 4435 scilicet
2322 4382 2938 4451 reprmsentationibus).
2956 4383 3471 4450 lconomachivero,

1893 4470 1986 4538 qui
2037 4485 2147 4523 non
2180 4471 2490 4525 sustineant
2526 4472 2581 4525 in
2635 4473 2874 4541 speculis
2913 4473 3123 4538 videre,
3160 4489 3190 4527 a
3237 4474 3471 4530 veritate

1825 4561 1868 4614 D
1898 4578 2124 4632 prorsus
2143 4562 2486 4616 exciderunt.

1967 4656 2019 4707 7.
2047 4655 2183 4708 Deus
2222 4657 2365 4708 stetit
2408 4657 2462 4709 in
2490 4672 2761 4727 synagoga
2783 4656 3071 4711 deorum".
3101 4659 3179 4713 Ae
3208 4659 3334 4713 vide
3360 4675 3465 4714 an-

1896 4746 2142 4815 gelorum
2186 4745 2520 4815 potentiam;
2557 4747 2832 4816 itemque,
2873 4749 2967 4817 qui
2998 4765 3106 4803 non
3152 4749 3331 4804 credit
3370 4766 3467 4805 ne-

1895 4853 2047 4890 cesse
2085 4852 2205 4889 esse
2258 4846 2317 4889 nt
2366 4837 2611 4892 membra
2644 4841 3050 4909 conjungantur
3098 4856 3223 4895 cum
3262 4842 3464 4910 capite,

1895 4926 2189 4981 inﬁdelem.
2231 4942 2406 4995 eoque
2444 4928 2667 4983 nomine
2695 4930 2804 4998 jam
2826 4931 3153 4999 judicalunt,
3181 4948 3321 4987 esse.

1964 5015 2016 5070 8.
2050 5014 2313 5081 Quisnam
2349 5016 2562 5072 habitet
2598 5028 2798 5072 terram
2844 5020 3259 5088 Chaldaeorum;
3307 5024 3463 5093 quis-

1888 5124 2014 5163 nam
2041 5124 2171 5161 vero
2200 5107 2487 5163 Charrhan
2522 5110 2963 5180 Mesopotamia)?
2997 5112 3133 5178 Quis
3164 5114 3463 5170 transfera-

1891 5212 1979 5255 tur
2001 5202 2055 5254 in
2087 5210 2285 5255 terram
2314 5201 2534 5263 bonam,
2570 5218 2732 5271 quam
2777 5205 2920 5258 Deus
2950 5220 3007 5259 se
3041 5204 3298 5259 daturum
3336 5208 3456 5276 pol-

1890 5290 2071 5345 licitus
2101 5299 2205 5351 cst,
2239 5291 2324 5345 his
2347 5292 2438 5361 qui
2463 5292 2739 5361 diligunt?

1959 5382 2012 5435 9.
2042 5383 2180 5436 Olim
2219 5398 2437 5453 quoque
2487 5392 2614 5437 ante
2656 5384 2975 5448 adventum,
3025 5400 3280 5454 nuncque
3321 5385 3459 5440 adeo

1896 5482 2017 5543 post
2067 5475 2266 5543 ipsum,
2312 5475 2569 5530 advenire
2604 5476 2671 5531 ad
2703 5493 2804 5531 nos
2836 5477 3158 5547 spiritaliter
3194 5477 3288 5530 Dei
3320 5478 3455 5532 Ver—

1892 5566 2045 5628 bum,
2068 5566 2300 5620 occultis
2316 5568 2627 5638 augmentis
2652 5569 2962 5639 provehens
2981 5568 3049 5624 ad
3073 5585 3137 5624 ea
3169 5584 3291 5640 qua:
3322 5568 3457 5641 divi-

1891 5658 2041 5712 niora
2071 5667 2217 5712 sunt.

290 5919 303 5936 '
334 5916 415 5972 Ex
458 5917 510 5971 V.
576 5917 654 5973 Cl.
722 5918 1004 5989 Rep/iactis
1047 5918 1287 5989 Dufrcnii
1355 5919 1490 5986 cod.,
1535 5938 1671 5975 nunc
1716 5921 1892 5992 [ἔροιο.
