4192 6436
219 382 360 449 1177
878 386 1212 448 CAPITUM
1248 388 1665 461 QUINQUIES
1704 394 2217 456 CENTEN’ORUM
2252 399 2635 460 CENTURIA
2672 406 2709 462 I.
3312 400 3444 465 1178

228 595 1590 625 M—

1076 736 1306 868 TOY
1368 785 1709 868 ΑΓΙΟΥ
1767 786 2199 871 ΠΑΤΡΟΣ
2241 788 2562 873 ΗΜΩΝ

1552 978 1671 1032 ΚΑΙ
1703 981 2131 1035 ΔΙΔΑΣΚΑΛΟΥ

598 1159 1396 1301 ΜΑΞΙΜΟΥ
1471 1168 1817 1300 ΤΟΥ
1891 1172 3095 1313 ΟΜΟΛΟΓΙ-ΙΤΟΥ

898 1415 1246 1471 ΚΕΦΔΛΔΙΑ
1284 1418 1575 1470 ΔΙΑΦΟΡΔ
1607 1420 1993 1476 ΘΕΟΛΟΓΙΚΛ
2024 1423 2111 1476 TE
2140 1424 2258 1476 ΚΑΙ
2281 1425 2721 1478 ΟΙΚΟΝΟΜΙΚΛ

1392 1582 1503 1635 Kal
1530 1580 1660 1650 περὶ
1691 1580 1914 1650 ἀρετῆς
1942 1581 2039 1635 καὶ
2068 1583 2301 1649 κακίας.

460 1907 871 2000 SANCTI
983 1856 1402 1999 PATRIS
1503 1910 1937 2002 nosam
2074 1914 2466 2013 ATQUE
2570 1914 3187 2017 MAGISTRI,

1082 2146 1607 2258 MAXlMl
1694 2146 2647 2261 CONFESSORIS

584 2363 910 2429 DIVERSA
941 2368 1209 2430 CAPITA
1237 2368 1337 2429 AD
1391 2368 1892 2430 THEOLOGIAM
1923 2370 2019 2430 ET
2076 2371 2539 2433 (ECONOMIAM
2596 2373 3080 2471 SPECTANTIA_

1362 2534 1593 2603 DEQUE
1623 2536 1945 2595 VIRTUTE'
1970 2537 2057 2594 AC
2098 2535 2302 2595 VITlO.

632 2848 1046 2903 ΕΚΛΤΟΝΤΑΣ
1080 2850 1329 2904 ΠΡΩΤΗ.
1800 2860 1846 2917 Α
2224 2850 2287 2908 Cl

1800 2860 1846 2917 Α
2224 2850 2548 2908 CENTENA
2583 2854 2794 2910 PRIMA
2827 2854 3092 2909 CAPITA.

267 2961 341 3017 α’.
370 2962 468 3017 Ἕν
498 2964 613 3015 ἐστι
641 2962 703 3015 τὸ
735 2963 1113 3034 ὑπεράναρχον
1146 2965 1237 3016 καὶ
1273 2964 1598 3034 ὑπερούσιον
1638 2966 1773 3033 ἁγα-

1947 2964 1995 3017 1.
2016 2964 2195 3019 Unum
2208 2973 2291 3017 est
2313 2964 2513 3017 bonum
2536 2974 2911 3032 prmmtcrnum
2948 2975 3004 3020 et
3030 2967 3450 3036 supcrsubstan-

194 3056 310 3117 θὸν,
346 3057 379 3125 ἡ
422 3055 552 3122 ἁγία
589 3057 1019 3125 τρισυπόστατος
1049 3056 1233 3118 Μονὰς
1254 3098 1267 3119 ,
1301 3058 1491 3126 Πατὴρ
1522 3059 1615 3109 καὶ
1643 3058 1770 3120 Υἱὸς

1903 3053 2027 3115 iale,
2086 3062 2273 3106 sancta
2300 3053 2441 3105 trinc
2474 3053 2782 3107 subsistens
2821 3055 3031 3119 Unitas,
3068 3057 3249 3120 Pater,
3276 3057 3449 3112 Filius
3552 3090 3556 3093 Α

194 3147 292 3199 καὶ
339 3146 492 3213 ᾶγιον
553 3144 778 3213 Πνεῦμα
810 3163 824 3175 ο
878 3144 1044 3215 τριῶν
1096 3144 1338 3215 ἀπείρων
1375 3146 1599 3217 ἄπειρος
1637 3164 1772 3217 συμ-

1874 3149 1931 3192 et
1971 3140 2213 3207 Spiritus
2243 3151 2498 3205 sanctus;
2530 3142 2697 3194 trium
2729 3143 3068 3198 inlinitorum
3110 3146 3323 3200 inlinita
3349 3163 3448 3216 pa-

194 3238 351 3305 φυῖα·
385 3237 476 3288 τόν
500 3252 560 3287 τε
598 3234 692 3287 τοῦ
735 3232 894 3300 εἶναι,
950 3237 1043 3288 καὶ
1090 3236 1226 3298 πῶς,
1258 3238 1350 3289 καὶ
1383 3237 1457 3300 τί,
1496 3239 1587 3288 καὶ
1617 3240 1770 3290 ποῖον

1872 3229 1950 3283 ris
2011 3237 2222 3284 naturae
2260 3232 2580 3300 conjunctio
2620 3249 2633 3284 :
2678 3232 2834 3301 cujus
2891 3234 3052 3297 ratio,
3094 3246 3343 3304 quaest,
3390 3245 3448 3292 et

194 3327 361 3390 εἶναι,
392 3331 548 3397 λόγον
582 3333 813 3403 πάμπαν
841 3334 950 3393 τοῖς
983 3328 1133 3384 οὖσιν
1168 3332 1369 3384 ἄὸατον
1401 3330 1617 3399 ἔχουσα.
1656 3332 1769 3383 Πᾶ-

1871 3321 2172 3389 quomodo,
2215 3322 2417 3391 quidve
2451 3340 2515 3377 ac
2540 3325 2719 3392 qualis
2766 3336 2871 3391 est,
2901 3327 3179 3382 inaccessa
3223 3345 3448 3398 prorsus

195 3439 299 3474 σαν
331 3424 440 3491 γὰρ
472 3423 756 3497 διαφεύγει
801 3424 984 3493 νόησιν
1022 3422 1130 3475 τῶν
1160 3424 1443 3488 νοούντων,
1485 3424 1586 3492 τῆς
1629 3426 1769 3477 κατὰ

1873 3412 2039 3465 rebus
2065 3424 2170 3466 est.
2192 3414 2582 3468 Omnemenim
2608 3418 2873 3471 mentium
2907 3419 3325 3489 intelligentiam
3358 3421 3446 3474 fu-

192 3516 357 3581 φύσιν
378 3517 626 3585 οὐδαμῶς
657 3517 888 3586 κρυφξας
910 3517 1190 3586 ὲνδότητος
1212 3517 1449 3582 ἐξιοῦσα,
1478 3518 1571 3569 καὶ
1592 3518 1768 3584 πάσης

1871 3504 1966 3573 git,
1994 3520 2118 3559 cum
2145 3507 2376 3559 naturali
2407 3523 2507 3561 suo
2529 3524 2750 3573 arcano,
2788 3519 2846 3564 et
2878 3512 2958 3581 (ut
2982 3512 3061 3567 sic
3085 3512 3285 3580 dicam)
3315 3513 3448 3566 inti-

192 3607 384 3660 πασῶν
409 3607 659 3675 γνώσεων
685 3608 925 3678 ἀπείρως
957 3609 1397 3677 ὑπερεκτείνεται
1428 3606 1697 3676 γνώσεως.

1871 3598 2059 3649 milatc
2083 3613 2190 3650 non
2217 3608 2394 3661 exeat,
2436 3614 2765 3670 omnemque
2802 3602 3049 3657 omnium
3086 3602 3443 3659 scientiarum

678 3760 687 3770 ι
1871 3690 2157 3741 scientiam
2188 3689 2399 3745 inﬁnite
2432 3694 2847 3760 superexcedat.

270 3785 333 3855 β’.
384 3787 458 3838 Τὸ
496 3787 615 3838 κατ’
670 3787 859 3839 οὐσίαν
902 3788 1107 3855 κυρίως
1160 3784 1219 3837 ὃν
1268 3784 1504 3851 ἀγαθὸν,
1556 3785 1675 3838 ἐστὶ
1712 3786 1771 3838 τὸ

1937 3779 1990 3833 2.
2023 3779 2177 3845 Quod
2222 3795 2348 3834 vere
2388 3782 2692 3836 secundum
2744 3784 3042 3838 essentiam
3089 3785 3297 3840 bonum
3337 3797 3443 3851 est,

194 3880 333 3948 μήτε
362 3880 554 3947 ἀρχὴν,
589 3878 726 3947 μήτε
756 3878 925 3938 τέλος,
970 3878 1106 3945 μήτε
1142 3875 1318 3930 αἰτίαν
1345 3874 1438 3928 τοῦ
1472 3870 1629 3939 εἶναι,
1668 3878 1772 3946 μή-

1871 3870 1976 3926 huc
2002 3882 2105 3935 est,
2142 3873 2289 3941 quod
2323 3890 2502 3943 neque
2526 3876 2860 3945 principium
2904 3893 3084 3948 neque
3122 3879 3309 3945 linem,
3343 3898 3442 3935 ne-

188 3988 251 4023 τε
284 3971 383 4040 τὴν
429 3968 641 4022 οἰανοῦν
682 3969 824 4021 κατὰ
868 3967 927 4021 τὸ
959 3962 1261 4037 εἶναιπρὸς
1306 3967 1485 4020 αἰτίαν
1533 3968 1653 4021 τινὰ
1682 3969 1769 4020 κί-

1870 3982 1977 4036 que
2012 3982 2232 4021 causam
2269 3975 2329 4019 ut
2362 3967 2455 4032 sit,
2507 3984 2609 4021 nec
2650 3984 2781 4022 vero
2833 3970 3039 4036 ullum,
3090 3970 3309 4025 essendi
3355 3988 3443 4025 ra-

188 4081 347 4135 νησιν
377 4062 497 4132 ἔχον
522 4062 619 4132 (α).
646 4062 720 4114 Τὸ
746 4061 803 4113 δὲ
835 4061 908 4130 μὴ
936 4059 1110 4121 οὕτως
1144 4060 1287 4129 ἕχον,
1320 4060 1439 4111 οὐδὲ
1462 4060 1666 4129 κυρίως
1685 4059 1768 4123 ὃν,

1874 4061 2043 4122 tione,
2098 4059 2166 4113 ad
2222 4075 2439 4114 causam
2484 4058 2643 4130 513
2704 4061 2942 4130 aliquam
2994 4071 3205 4117 motum
3254 4063 3441 4119 habet.

186 4156 266 4218 ὡς
297 4155 472 4225 ἀρχὴν
522 4153 615 4205 καὶ
671 4152 823 4214 τέλος
861 4152 955 4203 καὶ
1010 4150 1191 4203 αἰτίαν
1220 4149 1312 4202 τοῦ
1360 4143 1521 4213 εἶναι,
1549 4149 1641 4202 καὶ
1668 4149 1767 4219 τὴν
1799 4197 1839 4252 Β

1799 4197 1839 4252 Β
1870 4151 2025 4217 Quod
2061 4161 2242 4205 autem
2273 4166 2383 4205 non
2432 4151 2506 4206 ita
2536 4167 2594 4206 se
2618 4152 2802 4215 habet,
2831 4167 3010 4221 neque
3052 4170 3182 4208 vere
3223 4169 3287 4209 ac
3316 4170 3446 4225 pro-

186 4244 332 4299 κατὰ
360 4244 421 4299 τὸ
461 4239 602 4296 εἶναι
652 4242 789 4312 πρὸς
823 4240 1001 4294 αἰτίαν
1026 4240 1150 4293 τινὰ
1186 4239 1400 4308 κίνησιν
1424 4238 1563 4309 ἔχον.
1606 4239 1679 4291 Τὸ
1707 4239 1766 4291 δὲ
1799 4238 1839 4252 ”’

1799 4238 1839 4252 ⁶’
1868 4242 1987 4310 prie
2026 4249 2148 4307 est;
2200 4240 2406 4311 quippe
2443 4241 2590 4312 quod
2622 4242 2955 4312 principium
2982 4252 3040 4298 et
3066 4243 3251 4310 linem,
3295 4245 3447 4315 ejus-

185 4339 396 4411 κυρίως
434 4338 535 4391 οὐκ
580 4337 660 4399 ὃν,
712 4334 815 4388 κᾶν
851 4331 992 4387 εἶναι
1040 4333 1301 4401 λέγηται,
1360 4333 1505 4385 κατὰ
1550 4330 1767 4401 μέθεξιν

1866 4348 1973 4402 que
2003 4332 2150 4402 quod
2177 4341 2263 4387 est
2289 4348 2434 4399 esse,
2461 4348 2705 4398 causam,
2734 4342 2792 4388 et
2816 4334 2885 4388 ad
2906 4349 3159 4401 causam,
3202 4351 3271 4391 eo
3298 4336 3444 4406 quod

186 4433 443 4503 βουλήσει
469 4430 564 4484 τοῦ
598 4428 805 4500 κυρίως
835 4428 1008 4490 ὄντος,
1049 4425 1144 4479 καὶ
1174 4426 1291 4479 ἐστι
1325 4424 1420 4478 καὶ
1452 4424 1692 4492 λέγεται.

1865 4433 1970 4487 est,
2003 4434 2212 4479 motum
2232 4426 2524 4496 quemdam
2549 4425 2734 4481 habet.
2771 4426 2928 4493 Quod
2962 4437 3145 4483 autem
3181 4444 3292 4483 non
3318 4444 3447 4484 vere

180 4542 250 4581 ac
286 4523 509 4594 proprie
555 4531 659 4586 est,
700 4536 1014 4591 quanquam
1048 4534 1169 4575 esse
1194 4518 1427 4573 dicatur.
1496 4533 1596 4587 per
1657 4518 2165 4589 participationem,
2222 4529 2279 4573 et
2345 4526 2430 4575 est
2467 4519 2749 4575 etdicitur
2788 4535 2943 4585 esse,
3005 4521 3125 4592 ejus
3164 4522 3448 4577 voluntate

180 4617 333 4688 quod
362 4631 494 4671 vere
527 4630 590 4669 ac
620 4613 840 4683 proprie
865 4621 972 4667 est.

252 4717 323 4781 γ’.
364 4712 424 4763 Εἰ
453 4710 623 4776 Λόγος
660 4707 1092 4777 προκαθηγεῆαι
1130 4704 1237 4774 τῆς
1265 4705 1373 4757 τῶν
1404 4703 1575 4756 ὄντων
1598 4702 1759 4771 γενέ-

1944 4704 1997 4756 5.
2028 4703 2166 4757 Cum
2188 4703 2427 4757 Verbum
2473 4719 2657 4758 rerum
2700 4704 2967 4759 creationi
2993 4711 3197 4774 praeeat
3220 4745 3233 4769 ,
3267 4720 3446 4775 neque

181 4821 344 4869 csw;,
388 4801 511 4856 οὔτε
555 4796 645 4871 ἦν,
693 4798 818 4852 οὔτε
868 4797 1037 4861 ἔστιν,
1073 4796 1197 4850 οὔτε
1250 4795 1405 4848 ἔσται
1452 4795 1547 4847 τοῦ
1583 4794 1758 4864 Λόγου

1859 4803 1999 4856 erat,
2026 4808 2205 4862 neque
2231 4801 2337 4857 est,
2362 4802 2527 4848 autve
2556 4794 2665 4849 erit
2694 4795 2925 4848 verbum
2959 4794 3139 4849 Verbo
3178 4796 3444 4850 anterius.

180 4896 340 4963 λόγος
370 4892 664 4962 ἁνώτερος.
705 4892 877 4957 Λόγος
908 4889 985 4953 δὲ,
1010 4890 1111 4941 οὐκ
1140 4887 1299 4951 ἄνους
1333 4887 1366 4959 ἢ
1416 4886 1561 4959 ζωῆς
1598 4887 1755 4959 duos-

1862 4885 2102 4940 Verbum
2125 4895 2309 4939 autem
2335 4890 2441 4948 est,
2490 4899 2602 4938 non
2653 4886 2876 4950 mentis,
2919 4896 3015 4941 aut
3047 4887 3172 4940 vitae
3212 4902 3442 4957 expers,

184 5003 281 5058 ρος
300 5004 313 5016 ·
345 4984 461 5038 ἀλλ’
493 4984 675 5047 ἔννους
712 4982 807 5034 καὶ
841 4980 972 5047 ζῶν,
1002 4980 1078 5043 ὡς
1127 4978 1405 5048 γεννῶντα
1439 4979 1586 5032 Νοῦν
1615 4979 1756 5049 ἔχων

1857 4978 1954 5033 sed
1990 4978 2138 5048 quod
2177 4987 2361 5033 mente
2388 4978 2590 5047 polleat
2618 4993 2681 5032 ac
2702 4978 2881 5043 vivat;
2926 4981 3133 5051 quippe
3175 4996 3302 5035 cum
3349 4981 3447 5051 gi-

251 5143 327 5215 (a)
358 5145 512 5212 Πρὸς
536 5142 731 5215 αἰτίαν
755 5140 885 5194 τινὰ
936 5141 1181 5215 κίΥη-σιν
1201 5141 1364 5215 ἔχοις.
1397 5139 1619 5207 Spectat
1649 5141 1754 5195 hoc
1854 5158 1906 5197 ac

1854 5141 2215 5215 ac_(latbolici
2254 5140 2473 5215 di_cant;
2534 5139 2680 5215 quod
2723 5155 2841 5215 _non
2895 5140 2967 5195 sit
2999 5150 3227 5211 prepier
3252 5140 3437 5215 linem,

174 5209 460 5286 prazc'ipue
486 5214 553 5267 ad
592 5228 811 5286 causam
836 5228 955 5286 qua;
992 5210 1113 5263 ﬁnis
1146 5219 1245 5275 est,
1279 5210 1345 5286 ad
1372 5226 1536 5286 quam
1563 5226 1754 5286 move-
1854 5212 1949 5286 sed
1979 5212 2093 5286 ipse
2126 5226 2262 5286 _cum
2296 5211 2475 5286 Pa_tre,
2504 5209 2800 5286 et_Spi_ritu
2831 5209 3020 5286 sancto
3051 5209 3193 5265 unus
3224 5212 3296 5265 sit
3324 5228 3445 5286 0m-

178 5279 290 5349 iur,
321 5279 465 5355 quod
496 5300 563 5338 cx
592 5283 783 5355 illaut
813 5279 1104 5343 eﬂieicnte,
1132 5288 1235 5333 est.
1277 5279 1557 5355 Nee’bene
1592 5281 1757 5336 Picus
1855 5279 2014 5355 nium
2046 5281 2191 5355 finis,
2229 5279 2376 5355 q_uod
2425 5294 2531 5355 una
2573 5279 2825 5355 bonitas,
2874 5282 3038 5355 utict
3064 5291 3269 5355 natura
3305 5299 3317 5335 :
3358 5281 3445 5336 id-

177 5349 471 5427 expressit,
520 5354 598 5409 Ad
632 5352 824 5427 ullam_
852 5368 1064 5427 prorsus
1088 5367 1306 5403 causam
1332 5353 1559 5427 refertur
1583 5368 1599 5415 ;
1632 5367 1755 5404 eum
1859 5354 2010 5427 circo
2038 5352 2221 5427 dictus
2245 5349 2407 5427 Greg.
2436 5349 2714 5418 Theologo
2742 5359 2905 5419 atque
2923 5352 3192 5427 _Maximo,
3221 5360 3448 5427 propter

178 5419 373 5481 referri
396 5419 464 5481 ad
494 5438 713 5479 causam
754 5419 918 5477 etiam
968 5421 1205 5483 dicatur,
1243 5422 1388 5489 quod
1422 5421 1489 5473 ad
1534 5436 1653 5475 eam
1700 5431 1761 5475 ut
1861 5438 1941 5486 se,
1989 5421 2258 5483 ἀναίτιος·
2294 5419 2499 5490 nullam
2538 5436 2754 5471 causam
2786 5431 2875 5473 aut
2906 5420 3068 5489 ﬁnem
3096 5419 3443 5490 habena—(iui

172 5506 455 5551 auctorem
476 5494 670 5565 quovis
690 5492 853 5545 modo
872 5507 1027 5565 suam
1047 5490 1211 5565 reiert
1235 5492 1522 5565 originem,
1541 5493 1756 5565 etiarnsi
1786 5537 1827 5565 τ,
1861 5501 2093 5565 propter
2126 5507 2245 5565 nos.
2276 5492 2340 5542 δι’
2366 5489 2584 5565 αἱτίανλ
2610 5497 2822 5565 propter
2843 5504 3317 5565 causam_est.qua
3345 5489 3447 5565 sei-

173 5537 846 5621 SGVéZiB'BJﬁ'Baoveaiur
923 5571 983 5616 ut
1005 5562 1075 5633 in
1096 5537 1522 5633 divinis,°Filius
1553 5561 1619 5633 ad
1652 5562 1755 5633 Pa-
1786 5537 1828 5593 ο
1863 5537 1995 5616 {ieci
2020 5562 2182 5633 homo
2206 5537 2382 5614 factus
2409 5567 2513 5633 est.
2544 5537 2872 5633 _Ca'stiéatius
2900 5576 3030 5633 ergo
3060 5563 3111 5615 in
3168 5537 3440 5633 theologia

177 5648 317 5691 trem
352 5646 411 5690 ut
441 5636 617 5689 αἰτίαν
648 5632 888 5687 refertur
916 5632 1015 5701 (uti
1034 5630 1242 5702 AGriecis
1264 5632 1415 5700 loqui
1439 5632 1606 5702 moris
1625 5632 1753 5699 est),
1864 5632 2223 5702 loquendum.
2244 5628 2493 5702 nequid
2544 5628 2669 5681 inde
2702 5630 2903 5702 nedum
2936 5628 3315 5702 obscuritatis,
3348 5628 3443 5702 sed

175 5724 287 5762 non
318 5717 499 5761 tamen
522 5704 589 5760 ad
628 5703 807 5771 ipsum
839 5699 1045 5757 moveri
1076 5717 1171 5754 seu
1209 5699 1416 5771 motum
1445 5700 1669 5765 habere,
1698 5710 1757 5754 ut
1863 5714 1919 5757 et
1939 5699 2168 5756 _erroris
2218 5699 2595 5771 theologorum
2629 5699 3046 5771 eastigatissimo
3092 5702 3353 5768 Maximo,
3385 5700 3444 5762 in

177 5778 313 5850 πρὸς
360 5779 538 5834 αἰτίαν
585 5769 866 5847 (tanquam
894 5774 1088 5828 scilicet
1130 5772 1198 5825 ad
1225 5770 1407 5843 ﬁnem)
1439 5772 1533 5825 ulli
1562 5787 1755 5826 eorum
1865 5774 1979 5827 suis
2015 5773 2083 5828 de
2110 5771 2379 5841 theologia
2410 5769 2651 5824 accedat.
