4192 6436
152 406 290 473 118i

849 408 1186 470 CAPITUM
1223 407 1647 479 QUINQUIES
1680 407 2198 471 CENTENORUM
2235 413 2621 478 CENTURIA
2660 421 2709 481 Ι.

3263 420 3397 487 1182

141 519 370 586 motas
402 521 631 594 τρόπον’
676 521 821 576 οὕτω
852 524 946 576 καὶ
985 522 1157 575 θέλων
1186 525 1463 591 ὑπέστησε
1507 522 1575 575 τά
1602 538 1734 590 μετά

1845 533 2053 577 maneat
2074 525 2498 595 inexplicabilis.
2535 528 3014 598 Quemadmodum
3040 531 3213 603 igitur
3230 531 3401 600 Deus,

143 617 367 684 έχοντα,
405 614 524 667 καθ’
550 613 609 665 ὃν
638 615 800 677 αὐτὸς
832 606 1120 667 ἐπίσταται
1160 614 1339 681 λόγον,
1364 613 1433 666 δι’
1455 612 1727 683 ὑπερϐάλ-

141 707 351 760 λουσαν
389 705 724 773 ἀγαθότητος
765 699 1011 775 δύναμιν,
1045 705 1256 758 Οὐκοῦν
1298 705 1361 757 τὸ
1391 704 1608 773 θελήσει
1633 702 1728 755 τοῦ

146 797 519 865 πεποιηκότος
563 798 878 866 γενόμενον,
925 797 1025 848 οὐκ
1060 797 1125 849 ἂν
1158 797 1245 865 είη
1270 795 1399 848 ποτὶ
1443 795 1729 864 θελήσαντι

141 887 285 938 αὐτὸ
318 887 591 955 γενέσθαι,
628 888 917 940 συναῖδιον.

225 1069 298 1134 η’.
351 1062 411 1116 '0
448 1060 538 1114 τοῦ
573 1058 709 1114 Θεοῦ
754 1061 925 1127 Λόγος
960 1058 1177 1129 ἐφάπαξ
1228 1060 1373 1113 κατά
1402 1060 1580 1130 σάρκα
1604 1075 1729 1126 γενο

141 1155 363 1223 νηθεὶς,
392 1155 477 1206 ἀεὶ
508 1154 762 1221 γεννᾶται
794 1151 964 1203 θέλων
991 1151 1135 1204 κατὰ
1170 1152 1387 1220 πνεῦμα
1421 1151 1508 1203 διὰ
1543 1150 1734 1217 φιλαν-

139 1244 405 1316 Θρωπίαν
448 1246 562 1306 τοῖς
614 1244 861 1295 θέλουσι·
900 1242 996 1295 καὶ
1039 1242 1249 1309 γίνεται
1284 1240 1503 1310 βρέφος,
1538 1238 1732 1292 ἑαυτὸν

142 1336 210 1387 ιν
246 1333 475 1395 ἐκείνοις
526 1328 871 1384 διαπλάττων
912 1333 1032 1392 ταῖς
1062 1329 1314 1400 άρεταίς’
1348 1332 1443 1383 καὶ
1478 1328 1733 1381 τοσοῦτον

142 1423 503 1490 φαινόμενος,
548 1421 670 1473 ὅσον
704 1421 902 1490 χωρεῖν
949 1418 1238 1471 ἐπίσταται
1280 1417 1371 1470 τὸν
1410 1410 1728 1488 δεχόμενον·

141 1514 213 1565 οὐ
250 1511 429 1582 φθόνῳ
466 1510 783 1581 σμικρύνων
816 1509 911 1563 τοῦ
958 1509 1162 1562 οἰκείου
1215 1508 1479 1579 μεγέθους
1516 1509 1614 1579 τὴν
1639 1506 1733 1560 ἐκ·

144 1620 374 1671 φανσιν,
407 1603 545 1655 ἀλλά
582 1603 766 1673 μέτρῳ
795 1602 1109 1672 σταθμίζων
1137 1602 1246 1654 τῶν
1269 1604 1401 1671 ὁρᾷν
1428 1600 1737 1653 ποθούντων

143 1693 256 1763 τὴν
289 1693 540 1762 δύναμιν.
585 1691 773 1754 Οὕτως
819 1693 907 1744 ἀεὶ
956 1695 1047 1745 καὶ
1080 1693 1449 1761 φαινόμενοςὸ
1474 1690 1567 1743 τοῦ
1598 1689 1733 1743 Θεοῦ

144 1786 330 1853 Λόγος
355 1786 465 1846 τοῖς
498 1783 723 1853 τρόποις
752 1782 858 1835 τῶν
895 1784 1156 1852 μετόχων,
1188 1784 1274 1835 ἀεὶ
1306 1782 1549 1851 διαμένει
1592 1780 1734 1834 κατὰ

143 1879 256 1946 τὴν
292 1877 599 1947 ὑπερϐολὴν
629 1876 724 1930 τοῦ
762 1876 1087 1945 μυστηρίου,
1120 1877 1233 1937 τοῖς
1278 1873 1447 1926 πᾶσιν
1482 1872 1732 1934 ἀθέατος.

147 1970 326 2023 Ὅθεν
356 1968 532 2037 σοφῶς
565 1969 661 2021 τοῦ
697 1968 1002 2038 μυστηρίου
1038 1966 1137 2037 τὴν
1175 1966 1405 2035 δύναμιν
1432 1963 1736 2031 διασκοπή-

150 2078 259 2124 σας
290 2062 318 2113 ὁ
353 2060 495 2123 θεῖος
539 2059 883 2123 Ἀπόστολος,
938 2059 1137 2127 φησίν·
1184 2056 1420 2124 Ἰησοῦς
1459 2055 1732 2123 Χριστὸς,

148 2153 303 2221 χθὲς
334 2154 429 2204 καί
460 2152 746 2220 σήμερον,
776 2155 807 2205 ό
848 2151 1030 2216 αὐτὸς
1061 2151 1158 2203 καὶ
1194 2154 1277 2214 είς
1306 2149 1446 2214 τοὺς
1480 2148 1733 2212 αἰῶναςσ

148 2238 315 2305 εἰδὼς
342 2244 428 2296 ἀεὶ
452 2244 634 2295 καινὸν
663 2242 720 2294 τὸ
749 2242 1069 2311 μυστήριον,
1100 2242 1191 2294 καὶ
1216 2240 1484 2311 μηδέποτε
1513 2237 1738 2308 περιλή-

147 2334 249 2403 ψει
279 2336 399 2396 νοὸς
421 2333 843 2402 παλαιούμενον.

230 2429 299 2481 θ’.
342 2429 615 2480 Γεννᾶται
662 2427 899 2497 Χριστὸς
946 2428 973 2478 ὁ
1008 2426 1162 2485 Θεὸς,
1196 2424 1500 2495 προσλήψει
1537 2422 1737 2493 σαρκὸς

148 2516 337 2588 ψυχὴν
366 2512 599 2587 Δὶχούςιης
638 2517 827 2585 νοερὰν
860 2514 1146 2583 γενόμενος
1166 2514 1261 2567 ἀνθ
1272 2530 1449 2581 ρωπος
1467 2530 1479 2542 -
1504 2514 1532 2563 ό
1558 2528 1737 2581 παρα-

155 2610 426 2680 σχόμενος
474 2612 588 2671 τοῖς
629 2600 781 2660 οὖσιν
831 2609 895 2658 ὲκ
954 2606 1031 2675 μὴ
1062 2606 1232 2657 ὄντων
1266 2604 1364 2675 τὴν
1401 2604 1643 2672 γένεσινο
1678 2601 1737 2655 ὃν

155 2700 439 2770 Παρθένος
470 2698 764 2769 ὑπερφυῶς
807 2696 1063 2758 τεκοῦσα,
1098 2697 1406 2766 παρέλυσεν
1439 2695 1593 2746 οὐδὲν
1639 2696 1739 2764 τῆς

154 2792 459 2862 παρθενίας
488 2793 811 2863 τεκμήριον.
854 2790 941 2853 Ὠς
963 2791 1071 2861 γὰρ
1094 2790 1253 2851 αὐτὸς
1283 2788 1567 2857 ἄνθρωπος
1588 2788 1740 2855 γέγο-

154 2902 272 2948 νεν,
310 2885 412 2936 οὐκ
461 2883 763 2944 ἀλλοιώσας
810 2882 909 2952 τὴν
955 2881 1139 2950 φύσιν,
1199 2880 1307 2934 οὐδ’
1348 2879 1591 2950 ἀμείψας
1639 2877 1738 2948 τὴν

156 2977 393 3045 δύναμιν
414 2993 426 3005 ·
453 2974 596 3028 οὕτω
636 2976 737 3044 τὴν
780 2973 1044 3026 τεκοῦσαν
1073 2974 1166 3025 καὶ
1193 2972 1407 3043 μητέρα
1446 2974 1611 3033 ποιεῖ,
1644 2970 1740 3022 καὶ

158 3068 435 3140 παρθένον
466 3067 733 3138 διατηρεῖ,
771 3065 1009 3135 θαύματι
1033 3064 1219 3135 θαῦμα
1246 3065 1384 3118 κατὰ
1408 3064 1568 3117 ταυτὸ
1597 3063 1740 3134 διερο

162 3157 420 3228 μηνεύων
445 3156 581 3226 ἅμα,
609 3158 702 3209 καὶ
729 3156 942 3226 θατέρῳ
966 3154 1226 3225 κρύπτων
1255 3156 1315 3207 τὺ
1337 3155 1539 3225 ἕτερον.
1560 3156 1738 3207 Ἐπει-

157 3251 229 3321 δὴ
268 3250 336 3301 δι’
378 3249 568 3302 ἑαυτὸν
606 3251 634 3301 ὁ
666 3248 798 3309 Θεὸς
849 3249 936 3300 ἀεὶ
983 3248 1104 3299 κατ’
1152 3247 1339 3299 ούσίαν
1371 3247 1605 3318 ὑπάρχει
1639 3265 1742 3315 μυ-

161 3342 411 3413 στήριον,
444 3341 697 3395 τοσοῦτον
726 3340 919 3393 ἑαυτὸν
953 3339 1167 3408 ἐξάγων
1206 3339 1305 3409 τῆς
1340 3342 1574 3410 φυσικῆς
1608 3357 1743 3408 κρυ-

161 3432 445 3502 φιότητος,
500 3434 626 3485 ὅσον
667 3432 873 3501 ταύτην
932 3431 1094 3485 πλέον
1140 3432 1228 3484 διὰ
1283 3431 1382 3500 τῆς
1428 3432 1743 3498 ἐκφάνσεως

162 3525 557 3595 κρυφιωτέραν
606 3523 947 3595 ἐργάξεσθαι
968 3540 980 3552 ·
1015 3524 1110 3576 καὶ
1144 3522 1397 3575 τοσοῦτον
1446 3522 1608 3573 πάλιν
1639 3538 1743 3591 μη-

162 3618 303 3689 τέρα
351 3617 449 3686 τὴν
487 3616 752 3668 τεκοῦσαν
792 3616 1057 3686 παρθένον
1094 3614 1439 3683 ποιούμενος,
1471 3614 1595 3665 ὅσον
1646 3613 1745 3682 τὴν

162 3709 367 3780 κύησιν
398 3708 594 3761 ἄλυτον
627 3709 724 3776 τῆς
766 3707 1061 3776 παρθενίας
1090 3706 1289 3775 δεσμὸν
1332 3702 1745 3775 ἀπεργάζεσθαι

107 3778 119 3789 ⁵
167 3778 332 3871 [unus
361 3798 486 3869 Reg.
513 3796 961 3869 ἀπεργάσασθαι]

242 3982 297 4029 ι’.
340 3975 407 4047 (e)
445 3973 913 4044 Καινοτομοῦνται
943 3972 1154 4042 φύσεις,
1188 3971 1432 4035 καιΘεὸς
1461 3970 1747 4041 ἄνθρωπος

165 4072 418 4137 γίνεται·
447 4070 507 4120 ού
544 4069 703 4139 μόνον
736 4068 770 4137 ἡ
800 4066 921 4118 θεία
944 4066 1039 4118 καὶ
1072 4064 1310 4135 σταθερά
1340 4065 1436 4116 καὶ
1465 4062 1745 4133 ἀκίνητος,

166 4161 470 4232 κινουμένη
520 4159 654 4229 πρὸς
702 4158 802 4226 τὴν
849 4155 1173 4225 κινουμένην
1230 4154 1321 4207 καὶ
1368 4152 1623 4216 ἄστατον,
1660 4153 1749 4206 ἴνα

168 4253 351 4323 στήσῃ
380 4250 474 4303 τοῦ
506 4247 771 4320 φέρεσθαι
796 4263 808 4274 ·
838 4247 960 4299 οὐδὲ
994 4246 1155 4316 μόνον
1188 4245 1221 4315 ή
1263 4244 1578 4316 ἀνθρωπίνη
1627 4244 1749 4314 δίχα

168 4344 385 4414 σπορᾶς
420 4342 560 4411 ὑπὲρ
600 4340 762 4408 φύσιν
801 4336 1124 4408 γεωργοῦσα
1166 4336 1346 4407 σάρκα
1380 4336 1457 4405 τῷ
1480 4339 1637 4405 Λόγῳ
1662 4353 1750 4389 τε·

166 4432 633 4505 λεσφορουμένην,
685 4431 771 4483 ἵνα
812 4432 910 4499 στῇ
960 4429 1055 4482 τοῦ
1111 4428 1408 4499 φέρεσθαιο
1458 4428 1593 4481 ἀλλά
1655 4427 1750 4480 καὶ

1829 611 1975 679 quod
1996 613 2148 678 velit,
2175 617 2555 686 participatur,
2578 636 2687 691 qua
2714 622 2829 691 ipse
2862 623 3072 677 ratione
3099 622 3253 675 novit
3288 624 3405 680 :sic

1829 711 1885 755 et
1906 718 1969 757 ea
1989 719 2112 773 quae
2135 706 2485 777 participant,
2517 712 2807 766 excellenti
2844 713 3107 768 bonitatis
3134 714 3403 782 potentia,

1830 808 1937 861 qua
1971 796 2129 849 novit
2171 798 2403 864 ratione,
2432 802 2711 858 voluntate
2756 804 3022 859 condidit.
3058 801 3227 875 igitur
3258 805 3401 878 quod

1831 884 2068 937 creantis
2094 886 2371 941 voluntate
2414 889 2615 944 factum
2650 900 2755 955 est,
2790 905 3070 962 nunquam
3120 892 3193 960 ei,
3223 894 3316 963 qui
3344 902 3406 947 ut

1832 972 1988 1027 ﬁeret
2016 975 2210 1041 voluit,
2233 987 2563 1033 coaeternum
2585 983 2881 1036 exstiterit.

1903 1067 1955 1120 8.
2004 1068 2100 1123 Dei
2149 1070 2410 1136 Verbum,
2454 1090 2621 1128 carne
2663 1076 2833 1129 semel
2889 1086 3076 1129 natum
3108 1075 3255 1147 (quae
3286 1077 3407 1146 ejus

1831 1170 2100 1227 prepcnsa
2148 1160 2457 1231 benignitas
2487 1180 2551 1218 ac
2586 1165 2899 1219 humanitas
2924 1166 3028 1235 est)
3056 1166 3145 1220 his
3188 1166 3281 1234 qui
3318 1183 3411 1219 ve-

1832 1248 1955 1313 lint,
1985 1264 2203 1320 semper
2227 1253 2417 1305 volens
2452 1254 2648 1322 spiritu
2681 1256 2964 1321 nascitur;
2995 1253 3163 1324 fitque
3207 1257 3406 1317 inl'ans,

1832 1352 1891 1391 se
1918 1338 1972 1391 in
1998 1338 2110 1393 illis
2138 1340 2437 1393 virtutibus
2462 1341 2802 1406 informatas;
2836 1356 2899 1395 ac
2932 1358 3043 1411 quo
3069 1342 3291 1395 modulo
3317 1359 3409 1396 ca-

1833 1444 1962 1497 pere
1991 1430 2146 1483 novit
2178 1431 2591 1500 suscipientem,
2624 1434 2863 1502 seipsum
2892 1433 3227 1497 manifestat,
3261 1434 3409 1487 nulla

1832 1518 2023 1574 livoris
2053 1520 2174 1575 labe
2210 1538 2274 1576 ac
2322 1523 2548 1587 invidia,
2582 1538 2695 1577 sua:
2732 1526 3127 1595 magnitudinis
3156 1527 3413 1595 amplitu-

1834 1609 2020 1665 dinem
2048 1612 2326 1677 minuens,
2366 1614 2460 1668 sed
2495 1615 2651 1684 quasi
2680 1629 2935 1670 mensura
2988 1632 3051 1670 ac
3106 1618 3268 1670 modo
3320 1632 3415 1670 eu-

1834 1703 2107 1772 pientium
2144 1705 2331 1759 videre
2372 1707 2687 1760 facultatem
2721 1709 3038 1777 explorans,
3085 1724 3412 1778 semperque

1837 1808 1949 1861 prae
1976 1795 2582 1863 mysteriiexcellentia,
2615 1798 3262 1867 cunctisinaspcctabilis
3291 1814 3416 1868 per-

1843 1886 1969 1939 inde
2028 1901 2410 1956 perseverans.
2439 1887 2809 1953 Quamobrem
2856 1889 3077 1942 divinus
3118 1890 3416 1958 Apostolus

1842 1979 2086 2049 mysterii
2113 1979 2221 2031 vim
2244 1980 2519 2049 sapienter
2545 1979 2907 2034 considerans
2932 1999 2945 2033 :
2972 1980 3123 2033 Iesus
3155 1980 3413 2042 Christus,

1842 2070 2041 2139 inquit,
2077 2072 2188 2123 heri
2209 2079 2256 2121 et
2286 2071 2469 2135 hodie;
2498 2072 2607 2140 ipse
2641 2080 2693 2123 ct
2722 2072 2777 2123 in
2803 2071 2999 2125 sa’cula
3029 2074 3039 2102 '
3080 2089 3093 2135 ;
3129 2072 3202 2125 ita
3254 2071 3417 2123 nimi-

1842 2173 1988 2223 rum,
2018 2160 2335 2230 mysterium
2387 2175 2607 2229 semper
2658 2174 2861 2215 novum
2919 2162 3255 2231 intelligens,
3286 2161 3414 2214 nul-

1841 2250 2001 2319 laque
2067 2266 2307 2320 unquam
2368 2252 2569 2305 mentis
2608 2252 3100 2322 comprehensione
3150 2268 3417 2307 consene—

1843 2354 2022 2393 SCCIIS.

1913 2431 1965 2485 9.
2006 2431 2260 2485 Nascitur
2308 2430 2561 2485 Christus
2603 2432 2768 2496 Deus,
2814 2434 3189 2502 assumptione
3236 2433 3419 2485 carnis

1843 2522 2022 2577 anima
2051 2523 2390 2592 intelligente
2426 2524 2694 2592 prmditze,
2747 2523 2931 2577 factus
2957 2524 3153 2585 homo;
3180 2525 3274 2593 qui
3305 2524 3417 2592 ipse

1846 2612 2014 2666 rebus
2065 2623 2455 2675 concesserat,
2515 2620 2577 2666 ut
2616 2629 2685 2667 ex
2747 2614 2923 2666 nihilo
2997 2615 3415 2683 procederent:

1844 2718 2005 2773 quem
2053 2704 2217 2773 Virgo
2272 2703 2457 2757 altiori
2508 2719 2672 2774 supra
2714 2713 2967 2758 naturam
3016 2704 3179 2757 modo
3217 2705 3416 2767 enixa,

1844 2794 2057 2848 nullum
2087 2794 2424 2864 virginitatis
2456 2795 2627 2848 solvit
2657 2795 3020 2865 signacuium.
3048 2795 3417 2860 Quemadmo-

1845 2882 1975 2937 dum
1994 2884 2142 2936 enim
2174 2882 2349 2937 laetus
2384 2893 2469 2938 est
2504 2883 2688 2947 homo,
2718 2884 2854 2937 nihil
2892 2885 2946 2937 in
2994 2885 3274 2938 diversum
3320 2885 3421 2938 im-

1846 2980 2051 3025 mutata
2106 2980 2323 3036 natura,
2350 2974 2435 3027 vel
2482 2982 2815 3027 commutata
2855 2976 3132 3043 potentia;
3160 2976 3239 3029 sic
3279 2992 3419 3045 quo-

1846 3079 1953 3132 que
1996 3079 2349 3133 puerperam,
2374 3074 2431 3118 et
2474 3074 2707 3119 matrem
2759 3066 2908 3130 facit,
2940 3075 2999 3121 et
3040 3076 3223 3121 servat
3254 3068 3422 3138 virgi-

1847 3170 1995 3218 nem,
2040 3155 2095 3208 in
2133 3155 2331 3209 eodem
2353 3156 2648 3225 simulque,
2677 3156 3004 3212 miraculum
3033 3159 3299 3214 miraculo
3327 3174 3423 3213 cx-

1845 3262 2088 3317 ponens,
2138 3246 2486 3315 alterumque
2532 3247 2709 3300 altero
2744 3249 3047 3303 occultans.
3092 3250 3237 3303 Deus
3267 3250 3418 3304 enim

1846 3339 1932 3393 sui
1966 3339 2079 3408 ipse
2118 3338 2329 3391 ratione
2375 3338 2782 3403 essentialiter,
2836 3353 3054 3409 semper
3099 3342 3421 3411 mysterium

1848 3440 1962 3494 est;
1998 3438 2211 3483 tantum
2260 3428 2527 3483 naturalis
2568 3429 2742 3483 abditi
2773 3431 2861 3483 sui
2897 3431 3125 3485 latebris
3173 3432 3421 3501 scipsum

1848 3519 2249 3590 exproduceus,
2274 3528 2544 3589 quantum
2576 3519 2810 3575 sulliciat
2840 3531 2900 3575 ut
2938 3523 3071 3576 illud
3108 3523 3284 3593 ipsum
3315 3540 3425 3594 qua

1848 3613 2192 3681 explanatur,
2237 3612 2409 3681 magis
2438 3611 2684 3665 abditum
2712 3628 2775 3667 ac
2821 3614 3100 3667 occultum
3134 3614 3265 3680 ﬁat;
3306 3625 3427 3670 tan-

1853 3714 2077 3773 tumque
2105 3719 2302 3757 rursus
2351 3716 2681 3773 puerperam
2712 3715 2942 3759 matrem
2968 3706 3242 3776 virginem
3291 3723 3427 3777 prae-

1851 3807 2023 3859 stans,
2063 3805 2329 3864 quantum
2378 3810 2602 3850 necesse
2635 3796 2735 3861 sit,
2772 3808 2832 3851 ut
2881 3807 3091 3867 partus,
3120 3798 3428 3855 insolubile

1853 3886 2185 3955 virginitatis
2203 3885 2484 3939 vinculum
2516 3886 2763 3940 exsistat.

1925 3976 2013 4029 l0.
2056 3976 2391 4030 lnnovantur
2418 3983 2668 4042 naturae;
2715 3978 2970 4047 Deosque
2996 3979 3163 4034 homo
3193 3980 3272 4034 lit.
3302 3980 3425 4035 Non

1854 4068 2029 4123 solum
2048 4066 2231 4120 divina
2256 4066 2580 4135 stabilisque
2616 4082 2680 4121 ac
2704 4068 3026 4133 immobilis,
3059 4069 3125 4123 ad
3153 4086 3274 4125 eam
3298 4086 3428 4125 Ino-

1854 4168 2031 4224 vetur,
2067 4173 2188 4227 qua:
2216 4156 2451 4211 obnoxia
2476 4159 2648 4211 motui
2680 4174 2743 4212 ac
2779 4159 3056 4214 instabilis
3083 4170 3187 4227 est,
3224 4171 3431 4218 utcam

1855 4266 1884 4304 a
1910 4259 2060 4303 motu
2088 4249 2279 4315 sistat;
2316 4264 2416 4302 nec
2440 4248 2619 4303 solum
2654 4249 2894 4305 humana
2922 4253 3060 4306 citra
3093 4268 3314 4308 omnem
3343 4270 3429 4308 se-

1856 4350 2094 4395 mentem
2126 4355 2291 4409 supra
2322 4348 2593 4403 naturam,
2614 4355 2835 4395 carnem
2876 4341 3065 4413 51“
3098 4344 3275 4398 Verbo
3306 4359 3430 4413 per-

1857 4434 2052 4488 fectam
2090 4430 2453 4501 exproducit,
2498 4442 2559 4485 ut
2606 4431 2722 4501 ipsa
2767 4442 2919 4486 motu
2952 4432 3081 4487 ferri
3132 4448 3196 4488 ac
3232 4435 3435 4505 jactari

166 4526 348 4597 ἀστὴρ
378 4526 437 4591 ἐξ
466 4522 742 4577 ἀνατολῶν
774 4524 832 4574 ὲν
870 4520 1057 4591 ἡμέρᾳ
1095 4520 1439 4589 φαινόμενος,
1492 4521 1585 4573 καὶ
1624 4519 1741 4582 τοὺς

1858 4526 2071 4580 desinat
2100 4541 2113 4577 :
2146 4523 2241 4577 sed
2265 4532 2319 4577 et
2344 4523 2500 4577 stella
2524 4524 2593 4578 ab
2616 4523 2839 4578 Oriente
2871 4524 3110 4578 interdiu
3131 4527 3439 4597 conspicua

171 4620 386 4689 μάγους
422 4614 631 4686 ὁδηγῶν
680 4615 763 4675 είς
807 4612 898 4665 τὸν
949 4612 1114 4664 τόπον
1151 4612 1248 4681 τῆς
1280 4611 1374 4664 τοῦ
1408 4611 1581 4679 Λόγου
1617 4627 1749 4681 σαρ-

168 4715 421 4775 κώσεως,
456 4710 542 4762 ἵνα
586 4708 736 4779 δείξῃ
769 4704 1048 4777 μυστικῶς
1080 4703 1317 4778 νικῶντα
1348 4703 1445 4773 τὴν
1476 4702 1753 4771 αἴσθησιν,

168 4806 266 4859 τὸν
292 4806 348 4857 ἐν
376 4804 522 4872 νόμῳ
555 4803 648 4854 καὶ
683 4804 991 4872 προφήταις
1017 4797 1195 4865 λόγον,
1228 4796 1322 4849 καὶ
1364 4793 1663 4864 ὁδηγοῦντα
1688 4793 1759 4846 τὰ

166 4886 305 4964 ἔθνη
340 4894 475 4965 πρὸς
520 4892 579 4945 τὸ
616 4891 876 4961 μέγιστον
912 4888 1027 4958 φῶς
1070 4889 1171 4956 τῆς
1204 4884 1581 4953 ἐπιγνώσεως.
1615 4883 1757 4952 Πρὸς

169 4987 286 5056 γάρ
331 4986 630 5051 ἐπίγνωσιν
680 4983 774 5035 τοῦ
830 4980 1211 5051 σαρκωθέντος
1263 4978 1440 5044 Λόγου
1504 4975 1687 5043 σαφῶς
1726 4977 1754 5027 ὁ

170 5077 398 5147 νομικός
435 5093 494 5129 τε
533 5075 628 5128 καὶ
678 5072 1018 5144 προφητικδς
1072 5071 1252 5139 λόγος,
1290 5067 1538 5136 καθάπερ
1580 5066 1755 5137 ἀστὴρ

174 5169 420 5231 εύσεῦῶς
453 5166 909 5236 κατανοούμενος,
943 5166 1129 5235 ὁδηγεῖ
1165 5164 1290 5224 τοὺς
1338 5160 1478 5212 κατά
1502 5158 1756 5229 πρόθεσιν

175 5264 243 5333 τῇ
277 5247 500 5329 δυνάμει
537 5259 911 5327 κεκλημένους
944 5260 1037 5326 τῆς
1073 5256 1318 5326 χάριτος.

255 5359 344 5406 ια’.
400 5351 619 5423 Ἐπειδὴ
652 5351 821 5405 θέλων
872 5349 1004 5417 ἐγὼ,
1049 5349 1147 5417 τὴν
1185 5347 1335 5399 θείαν
1371 5345 1588 5415 ἐντολὴν
1616 5359 1763 5413 παρ-

180 5446 315 5516 έϐην
348 5448 375 5499 ό
399 5447 705 5516 ἄνθρωπος,
753 5444 847 5497 καὶ
884 5442 945 5494 τὸ
988 5440 1214 5511 στερρόν
1255 5456 1354 5508 μου
1387 5437 1485 5506 τῆς
1521 5436 1755 5505 φύσεως,

183 5539 435 5610 θεότητος
480 5538 654 5590 ἐλπίδι
695 5536 956 5598 δελεάσας
988 5535 1120 5604 πρὸς
1157 5531 1352 5602 ἡδονὴν
1400 5530 1699 5599 κατέσυρεν
1731 5529 1759 5580 ὁ

258 5674 275 5705 ί
323 5673 489 5727 llebr.
530 5686 640 5736 xm,
676 5673 727 5727 8.
803 5669 826 5702 θ
864 5668 1052 5722 Matth.
1082 5682 1138 5729 ιι,
1175 5668 1194 5720 l
1226 5681 1377 5735 seqq.

261 5788 330 5857 (ρ)
358 5788 437 5842 Cf.
467 5785 628 5859 Greg.
661 5788 787 5841 Naz.
825 5788 875 5839 in
908 5788 1043 5847 diem
1076 5782 1267 5837 Christi
1302 5780 1554 5833 natalem.

1852 4617 2053 4681 micat,
2105 4615 2395 4684 Magosque
2427 4614 2715 4683 dueitquo
2741 4617 2863 4668 loco
2890 4616 3158 4678 Verbum,
3213 4632 3440 4682 assumi

1852 4718 1944 4779 pta
1970 4707 2362 4775 carnejacet';
2398 4720 2507 4774 quo
2534 4706 2762 4775 mystice
2788 4722 2951 4761 sensu
2996 4708 3341 4775 superiorem
3373 4710 3430 4766 in

1852 4800 1972 4869 lege
2021 4813 2085 4852 ac
2130 4795 2415 4866 pr0phetis
2443 4804 2752 4850 exstantem
2797 4797 3054 4851 ostendat
3085 4814 3429 4863 sermonem,

1854 4898 2155 4961 gentesque
2187 4886 2254 4941 ad
2300 4887 2599 4940 maximum
2634 4887 2931 4956 agnitionis
2972 4890 3157 4942 lumen
3192 4889 3434 4961 dirigen-

1858 4991 1991 5035 tem.
2018 4980 2184 5034 Plane
2217 4978 2363 5033 enim
2392 4978 2526 5047 legis
2555 4994 2738 5032 sermo
2771 4995 2833 5032 ac
2868 4981 3243 5049 propheticus,
3264 4983 3446 5039 stellis.

1862 5074 2055 5135 instar,
2087 5073 2175 5142 pie
2222 5071 2558 5135 intellectus,
2591 5086 2687 5123 eos
2714 5071 2807 5138 qui
2839 5073 3028 5138 gratia:
3056 5073 3106 5126 vi
3130 5073 3441 5135 secundum

1862 5163 2206 5234 propositum
2250 5159 2427 5213 vocati
2477 5170 2640 5224 sunt,
2683 5158 2751 5212 ad
2798 5160 3039 5214 Verbum
3088 5161 3447 5239 incarnatum‘

1863 5250 2271 5323 agnoscendum
2300 5249 2529 5304 adducit
2548 5249 2589 5301 ⁸.

1938 5343 2024 5395 il.
2056 5340 2213 5407 Quod
2243 5356 2343 5409 ego
2376 5340 2543 5393 homo
2588 5339 2843 5393 divinum
2888 5340 3208 5395 mandatum
3241 5353 3449 5413 sponte.

1864 5442 2239 5503 transgressus
2270 5447 2442 5496 eram,
2476 5447 2721 5501 memque
2747 5441 2959 5486 naturas
3004 5433 3342 5489 soliditatem
3382 5442 3441 5502 et

1866 5526 2039 5581 robur
2083 5542 2176 5581 seu
2238 5526 2626 5585 constantiam,
2671 5524 2927 5580 diabolus
2987 5524 3299 5585 divinitatis
3340 5539 3435 5602 spe

1456 5664 1477 5694 ³
1510 5658 1665 5715 llom.
1696 5674 1810 5727 Vill,
1842 5661 1930 5715 28.
