4192 6436
678 383 734 439 ι]
746 382 815 440 83

1841 387 1909 446 S.
1943 389 2232 450 MAXIM!
2267 388 2782 451 CONFESSORIS

3806 387 3946 452 1184

673 491 952 548 deliniens
981 492 1052 550 nd
1077 492 1416 563 voluptatem
1443 495 1806 566 detrahebat;
1840 517 1949 572 qua
1973 517 2034 556 se
2062 504 2260 558 mortis
2292 517 2319 568 Α

2421 502 2630 566 άσολος,
2669 504 2739 558 δι’
2782 496 2852 574 ἧς
2902 503 3222 576 ὑποστήσας
3270 503 3364 559 τὸν
3397 503 3629 559 Θάνατον
3656 506 3956 576 ἡϐρύνετο,

676 594 964 640 auctorem
1020 585 1300 642 exstitisse
1357 589 1734 658 gloriabatur,
1789 604 2004 648 natura;
2041 593 2165 650 labe
2199 609 2266 649 ac

2421 595 2589 663 nupth
2619 595 2717 666 τὴν
2745 593 2954 666 φθορὰν
2982 595 3083 664 τῆς
3128 594 3347 664 φύσεως
3368 613 3380 626 ·
3417 595 3509 650 διὰ
3541 595 3700 650 τοῦτο
3738 598 3960 665 γίνεται

679 675 912 732 interitu
941 675 1187 746 gaudens
1211 695 1226 742 ;
1256 679 1466 735 idcirco
1495 682 1641 736 Deus
1673 681 1733 736 [it
1762 684 2041 754 perfectus
2072 686 2263 749 homo,

681 767 822 822 nihil
851 783 1046 823 eorum
1071 785 1195 840 qua:
1221 781 1382 826 erant
1407 783 1638 837 natum,
1673 791 1785 828 uno
1813 776 2080 831 duntaxat
2107 777 2269 831 dem-

2368 685 2574 748 τέλειος
2614 686 2904 756 ἄνθρωπος
2948 688 2978 740 ό
3025 687 3181 754 Θεὸς,
3239 689 3408 759 μηδὲν
3451 688 3809 758 παραμείψας
3858 688 3962 756 τῆς

2371 778 2607 847 φύσεως,
2641 780 2780 848 πλὴν
2812 779 2911 849 τῆς
2954 781 3232 850 ἁμαρτίας
3251 797 3267 812 ο
3298 781 3424 833 ἐπεὶ
3453 780 3588 851 μηδὲ
3609 780 3712 850 τῆς
3739 773 3967 849 φύσεώς

682 867 782 930 pto
810 869 1036 928 peccato
1069 860 1313 932 (quando
1362 880 1464 917 nec
1490 863 1669 932 ipsum
1727 882 1796 920 ex
1843 883 2012 923 censu
2057 877 2272 923 natura:

2421 884 2472 918 ν·
2502 868 2592 922 ἵνα
2639 869 2843 940 σαρκὸς
2892 870 3246 940 προϐλήματι
3273 870 3557 933 δελεάσας,
3601 870 3826 942 ἔρεθίοῃ
3873 869 3971 921 τόν

687 945 829 1016 erat)
861 945 1187 1016 demutans;
1221 959 1282 1005 ut
1310 953 1492 1007 carnis
1521 968 1648 1008 esca
1673 955 1892 1025 objecta
1924 996 1940 1021 ,
1999 957 2121 1027 ejus
2168 973 2272 1012 vo-

2421 960 2652 1032 πληστον
2685 963 2957 1034 δράκοντα
3002 963 3370 1034 περιχανόντα
3415 963 3516 1034 τὴν
3561 963 3742 1034 σάρκα
3795 981 3972 1016 κατα-

692 1037 877 1110 randm
905 1037 1276 1095 insatiabilem
1318 1041 1660 1110 draconem,
1707 1046 1899 1116 illique
1940 1047 2272 1114 inhiantem,

2422 1056 2558 1117 ιεῖν,
2594 1054 2973 1126 γενησομένην
3012 1054 3163 1126 αὑτῷ
3200 1053 3301 1126 μὲν
3342 1055 3691 1128 δηλητήριον,
3715 1058 3783 1126 τῇ
3805 1055 3978 1108 δυνά-

691 1134 1062 1196 provocaret;
1099 1129 1284 1185 carnis
1307 1131 1554 1198 scilicet,
1607 1150 1730 1204 quae
1756 1135 1834 1190 illi
1865 1151 2142 1191 venenum
2186 1136 2278 1191 fu-

2423 1161 2471 1198 ει
2511 1145 2612 1214 τῆς
2645 1147 2704 1198 ὲν
2739 1146 2878 1216 αὑτῇ
2909 1145 3168 1214 θεότητος
3211 1145 3496 1209 παντελῶς
3527 1146 3691 1201 αὑτὸν
3718 1144 3979 1214 διαφθεί-

694 1227 816 1274 tura
842 1229 982 1286 erat,
1017 1220 1273 1287 obtentu,
1306 1223 1530 1280 deitatis
1556 1227 1614 1279 in
1647 1242 1713 1282 ea
1741 1229 1973 1284 occultat
2005 1229 2276 1299 potentia,

2421 1253 2614 1290 ουσαν·
2650 1237 2816 1308 τῇδὲ
2861 1237 3024 1308 φύσει
3065 1237 3175 1289 τῶν
3216 1236 3526 1309 ἀνθρώπων
3584 1237 3982 1309 ἀλεξητήριον,

693 1311 876 1380 ipsum
930 1311 1158 1381 penitus
1187 1314 1486 1386 proﬂigatis
1525 1334 1540 1370 :
1583 1318 1840 1375 humana:
1890 1337 2027 1376 vero
2071 1328 2282 1376 naturae

2421 1329 2520 1401 ῖρὸς
2547 1328 2650 1400 τὴν
2688 1328 2748 1396 ἐξ
2778 1330 2958 1400 ἀρχῆς
2991 1330 3152 1401 χάριν
3180 1330 3413 1402 δυνάμει
3431 1330 3532 1400 τῆς
3565 1333 3625 1384 ὲν
3667 1332 3810 1400 αὑτῇ
3852 1332 3984 1383 θεό-

695 1402 1001 1458 remedium
1031 1403 1194 1470 foret,
1217 1406 1287 1461 ad
1323 1407 1614 1476 pristinam
1644 1425 1767 1464 eam
1799 1411 2036 1481 gratiam
2069 1413 2284 1467 instau-

2421 1437 2544 1488 ητος
2578 1419 3050 1492 ἀνακαλουμένην.
3095 1421 3184 1485 Ὦς
3215 1421 3327 1494 γὰρ
3359 1423 3525 1488 αὐτὸς
3562 1423 3656 1478 τὸν
3686 1424 3766 1477 Ιδν
3805 1423 3988 1478 αὑτοῦ

699 1509 851 1560 rans,
884 1495 1112 1551 deitatis
1150 1497 1348 1552 itidem
1392 1499 1450 1556 in
1488 1515 1553 1556 ea
1601 1503 1874 1571 potentia.
1914 1502 2288 1571 Quemadmo-

2421 1507 2486 1576 ἧς
2527 1507 2726 1571 κακίας
2755 1507 2836 1578 τῷ
2867 1508 3011 1580 ξύλῳ
3049 1508 3152 1579 τῆς
3189 1509 3448 1578 γνώσεως
3481 1512 3680 1581 ἐγχέας
3706 1512 3809 1583 τήν
3838 1530 3990 1581 γευ-

699 1587 835 1659 dum
881 1588 1032 1642 enim
1059 1589 1173 1654 ille,
1206 1590 1388 1645 ell'uso
1438 1592 1492 1646 in
1541 1593 1786 1650 scientia:
1824 1595 2033 1666 lignum
2069 1612 2284 1651 veneno

2424 1600 2631 1670 τιμένην
2661 1600 2934 1671 διέφθειρε
2967 1601 3152 1670 φύσιν.
3181 1602 3324 1656 οὔτω
3375 1605 3470 1656 καὶ
3505 1604 3670 1668 αὑτὸς
3708 1608 3995 1675 ἐμφαγεῖν

701 1692 824 1742 suo,
856 1689 1108 1734 naturam
1133 1693 1296 1751 gustu
1321 1694 1682 1754 corruperat;
1731 1687 1813 1741 sic
1850 1696 1908 1741 et
1942 1688 2064 1756 ipse
2096 1688 2284 1742 Domi-

2389 1689 2670 1760 βουληθεὶς
2702 1691 2802 1760 τῆς
2829 1690 3033 1762 σαρκὸς
3068 1691 3164 1746 τοῦ
3193 1695 3492 1759 Δεσπότου,
3515 1698 3581 1766 τῇ
3612 1698 3840 1766 δυνάμει
3887 1697 3997 1766 τῆς

704 1771 885 1824 nieam
924 1787 1150 1828 carnem
1191 1775 1494 1829 vorandam
1539 1793 1883 1846 praesumens
1910 1819 1925 1842 ,
1969 1778 2193 1835 deitalis
2227 1781 2283 1835 in

2421 1798 2447 1831 ν
2470 1783 2610 1854 αὑτῇ
2637 1781 2890 1854 θεότητος
2915 1783 3200 1857 διεφθάρη.

700 1878 769 1917 ea
801 1863 1028 1930 virtute,
1059 1877 1362 1936 corruptus
1391 1867 1735 1938 interituque
1767 1871 2021 1946 sublatus
2053 1881 2159 1930 est.

780 1957 868 2012 l2.
913 1959 1166 2026 Magnum
1222 1960 1871 2018 divinatincarnationis
1923 1967 2245 2036 mysterium
2273 2011 2289 2034 ,

707 2063 927 2118 semper
960 2049 1282 2120 mysterium
1317 2062 1545 2117 manet;
1600 2053 1762 2122 plane
1805 2053 2019 2109 scilicet
2073 2055 2296 2111 abstru-

708 2155 832 2195 sum
864 2156 880 2194 :
905 2156 1017 2196 non
1041 2157 1108 2196 ea
1146 2150 1358 2198 tantum
1386 2144 1624 2209 ratione,
1644 2145 1792 2214 quod
1815 2163 1940 2201 eum
1966 2163 2077 2217 pro
2097 2163 2292 2202 eorum

709 2232 804 2301 qui
838 2249 936 2302 per
965 2233 1102 2288 illud
1131 2236 1380 2289 salvandi
1414 2245 1566 2300 sunt,
1610 2237 1887 2294 facultatis
1919 2239 2144 2293 modulo
2173 2248 2297 2293 tan-

711 2323 885 2392 tisper
916 2325 1159 2391 eluceat,
1217 2341 1286 2381 eo
1342 2328 1489 2397 quod
1539 2328 1688 2382 illius
1733 2331 2083 2399 explanatur,
2118 2331 2297 2400 majus

711 2415 847 2484 quid
876 2416 1123 2470 nondum
1165 2429 1522 2489 conspectum
1558 2420 1758 2487 habet";
1790 2437 1981 2475 verum
2021 2431 2079 2477 et
2118 2423 2298 2492 ipsum

712 2509 862 2576 quod
893 2509 1088 2574 eluxit,
1113 2510 1297 2566 adhuc
1331 2527 1559 2581 prorsus
1587 2513 1868 2568 occultum
1905 2521 2111 2578 manet,
2144 2515 2296 2570 nulla

718 2600 912 2669 utique
958 2602 1198 2668 ratione,
1232 2604 1400 2658 sicuti
1454 2605 1636 2673 ipsum
1672 2612 1777 2664 est.
1839 2604 2141 2674 cognitum.
2185 2604 2298 2658 Nec

717 2689 983 2756 cuiquam
1026 2691 1230 2744 mirutn
1282 2707 1348 2745 ae
1379 2691 1692 2745 inauditum
1743 2691 2023 2755 videatur,
2069 2691 2123 2745 id
2150 2693 2301 2760 quod

717 2779 943 2834 dicitur.
982 2779 1130 2834 Deus
1157 2780 1307 2833 enim
1335 2795 1463 2834 cum
1499 2781 1574 2835 sit
1632 2781 2122 2851 superessentialis
2142 2822 2157 2846 ,
2186 2797 2304 2836 om-

719 2886 961 2940 nemque
984 2873 1609 2941 superessentialitatem
1649 2873 1808 2943 longe
1836 2874 2088 2938 excedat,
2132 2888 2305 2943 spon-

720 2971 777 3018 te
838 2965 907 3018 ad
953 2967 1257 3019 essentiam
1315 2966 1590 3029 veniens,
1658 2968 1843 3020 altiori
1897 2983 2065 3036 supra
2119 2981 2308 3020 essen-

722 3053 854 3107 tiam
887 3053 1081 3118 modo,
1115 3056 1411 3110 essentiam
1459 3057 1686 3110 induit:
1733 3057 1880 3111 unde
1933 3065 1991 3111 et
2018 3055 2308 3110 hominunt

725 3162 889 3202 causa
945 3147 1327 3217 (humanitate
1389 3150 1605 3204 scilicet
1667 3147 2186 3220 propensissimus)
2241 3163 2309 3202 ex

2466 1957 2552 2028 ιβ’.
2596 1958 2670 2012 To
2717 1960 2862 2030 μέγα
2920 1961 3022 2032 τῆς
3064 1961 3216 2027 Θείας
3264 1963 3735 2036 ὲνανθρωπήσεως
3779 1966 4004 2038 μυστή-

2400 2069 2534 2122 ριον.
2567 2052 2658 2104 ἀεὶ
2690 2053 2842 2123 μένει
2876 2056 3180 2126 μυστήριον
3200 2073 3215 2087 ·
3248 2057 3309 2110 οὑ
3346 2060 3508 2128 μόνον
3544 2060 3627 2112 ὅτι
3653 2062 4004 2130 συμμέτρως

2397 2145 2464 2214 τῇ
2490 2133 2720 2213 δυνάμει
2743 2144 2855 2197 τῶν
2889 2145 2983 2197 ὑπ’
3017 2146 3184 2199 αὑτοῦ
3217 2149 3545 2217 σωζομένων
3565 2150 4004 2218 ἐπιφαινόμενον,

2397 2232 2512 2302 ἔχει
2545 2232 2730 2303 μεῖζον
2755 2233 2849 2287 τοῦ
2874 2235 3238 2304 ἑκφανθὲντος
3259 2237 3322 2289 τὸ
3342 2239 3515 2308 μήπω
3537 2238 3847 2308 δρώμενον,
3877 2238 4006 2292 ἀλλ’

2397 2323 2479 2376 ὅτι
2501 2326 2593 2377 καί¹
2623 2325 2756 2377 αὑτὸ
2779 2326 2840 2378 τὸ
2875 2326 3066 2394 φανὲν,
3098 2327 3180 2380 ἔτι
3209 2327 3362 2398 μένει
3388 2329 3624 2399 πάμπαν
3648 2331 4008 2402 ἀπόκρυφον.

2403 2416 2579 2469 οὑδενὶ
2622 2416 2768 2486 λόγῳ
2816 2417 3002 2482 καθὼς
3055 2418 3173 2472 εστι
3205 2420 3638 2492 γινωσκόμενον.
3679 2422 3791 2474 Καὶ
3820 2423 3902 2492 μή
3928 2440 4013 2493 τῳ

2403 2506 2532 2578 δόξῃ
2564 2507 2868 2577 παράδοξον
2910 2507 2972 2559 τὺ
3009 2507 3330 2577 λεγόμενονο
3372 2509 3432 2562 ὀ
3464 2509 3578 2580 γάρ
3605 2508 3738 2572 θεδῖ
3761 2509 4014 2578 ὑπεροιδ·

2406 2615 2520 2661 σιος
2550 2599 2649 2664 ὢν,
2681 2599 2778 2652 καὶ
2827 2601 3288 2670 ὑπερουσιότητος
3338 2601 3562 2670 ἁπάσης
3618 2601 4014 2672 ὑπερανεστη-

2404 2690 2536 2753 3:60;,
2583 2692 2664 2753 εἰς
2703 2691 2893 2744 οὑσίαν
2944 2691 3120 2744 ὲλοεῐν
3159 2690 3464 2760 βουληθεὶς,
3520 2693 3871 2763 ὑπερουσίως
3916 2693 4014 2746 οὑ-

2409 2781 2601 2849 σιώοη.
2642 2782 2734 2833 Διὸ
2773 2780 2868 2833 καὶ
2920 2781 3065 2852 ὑπὲρ
3107 2781 3438 2852 ἀνθρώπων,
3470 2782 3545 2844 ὡς
3591 2781 4013 2853 φιλάνθρωπος,

2409 2872 2474 2924 ὲκ
2508 2871 2610 2939 τῆς
2660 2870 2966 2942 ἀνθρώπων
3012 2872 3202 2934 οὐσίας
3247 2872 3468 2940 ἀληθῶς
3509 2872 3799 2946 ἄνθρωπος
3845 2891 4015 2943 γετο-

2409 2961 2536 3025 νὼς,
2581 2963 2673 3014 τὸν
2709 2962 2806 3015 τοῦ
2846 2964 2963 3026 πῶς
3005 2963 3295 3035 ἄνθρωπος
3344 2965 3535 3033 γέγονε
3583 2965 3809 3036 τρόπον,
3853 2967 4014 3036 μένει

2409 3053 2500 3106 διὰ
2528 3054 2727 3116 παντὸς
2757 3055 2896 3125 ἔχων
2918 3057 3256 3126 ἀνέκφαντον
3275 3072 3288 3086 ·
3318 3057 3460 3127 ὑπὲρ
3488 3055 3777 3127 ἄνθρωπον
3803 3057 3871 3127 (f)
3904 3059 4014 3128 γὰρ

2413 3145 2641 3210 γέγονεν
2667 3145 2764 3197 ἄνθ
2773 3163 2977 3215 ρωπος.

727 3238 1010 3293 hominum
1035 3240 1276 3294 essentia
1309 3255 1406 3295 seu
1437 3250 1631 3295 natura
1657 3257 1785 3296 vere
1810 3240 1989 3297 factus
2011 3242 2198 3303 homo,
2226 3235 2450 3291 modum
2468 3251 2578 3304 quo
2607 3235 2782 3291 laetus
2811 3247 2917 3302 est,
2948 3239 3249 3292 obscurum
3274 3238 3434 3309 515
3456 3234 3699 3309 semper,
3733 3250 3794 3295 et
3826 3249 3888 3295 ut
3923 3257 4014 3295 ex-

727 3330 941 3401 planari
969 3346 1078 3384 non
1111 3331 1304 3399 possit,
1327 3341 1511 3386 servat
1533 3348 1598 3386 ac
1620 3331 1805 3386 habet.
1833 3333 2030 3386 Altiori
2053 3332 2279 3401 quippe,
2307 3341 2471 3396 quam
2491 3341 2588 3396 pro
2616 3328 2858 3383 hominis
2876 3329 3110 3392 ratione,
3143 3330 3310 3382 homo
3342 3330 3519 3384 factus
3535 3339 3637 3384 est.

801 3423 891 3478 15.
927 3423 1316 3492 Expendamus
1362 3423 1468 3480 ﬁde
1501 3425 1701 3478 comite
1734 3424 1937 3479 divlnze
1979 3425 2319 3479 incarnatio-

2500 3421 2590 3488 t7‘.
2629 3421 3006 3490 Σκοπήσωμεν
3043 3421 3255 3485 πιστῶς
3285 3422 3346 3474 τὸ
3379 3421 3681 3492 μυστήριον
3725 3423 3829 3492 τῆς
3862 3424 4017 3491 θείας

729 3517 823 3571 nis
841 3516 1188 3587 mysterium,
1213 3532 1454 3586 eumque
1489 3517 1841 3571 solummodo
1880 3517 2090 3587 absque
2131 3518 2320 3571 curio-

732 3608 894 3663 sitate
905 3601 1195 3664 laudemus
1209 3617 1285 3663 ac'
1296 3609 1684 3678 p'r'aidieemus,
1705 3609 1796 3664 cui
1821 3624 2098 3680 propensa
2113 3610 2323 3678 placuit

735 3701 1021 3757 voluntate
1067 3704 1244 3758 nostri
1279 3719 1446 3758 causa
1493 3704 1773 3758 hominem
1820 3703 1961 3758 ﬁeri.
2011 3703 2145 3770 Quis
2175 3705 2324 3759 enim

738 3802 890 3850 tanta
920 3794 976 3848 vi
1014 3795 1284 3850 orationis
1339 3796 1730 3866 rationumque
1772 3794 2019 3866 pondere
2061 3795 2324 3859 conﬁdat,

739 3895 800 3942 ut
834 3887 1010 3957 possit
1028 3903 1294 3943 enarrare
1328 3927 1344 3952 ,
1388 3903 1500 3958 quo
1549 3888 1773 3942 tandem
1824 3887 1991 3942 modo
2024 3887 2123 3942 Dei
2160 3887 2327 3942 Verbi

739 3977 1032 4048 conceptio
1079 3978 1535 4048 ﬁat;’quomodo
1579 3987 1907 4049 procreetur
1953 3994 2083 4034 caro
2118 3979 2329 4048 absque

743 4072 998 4137 semine;
1036 4071 1318 4142 quomodo
1347 4072 1611 4143 nativitas
1675 4072 1829 4127 nulla
1866 4072 2097 4127 exsistat
2133 4087 2331 4127 corru-

745 4163 949 4231 ptionis
979 4162 1132 4227 labe;
1155 4162 1440 4233 quomodo
1471 4173 1648 4218 mater
1669 4207 1685 4229 ,
1725 4180 1850 4234 qum
1875 4175 1926 4220 et
1956 4173 2081 4235 post
2112 4175 2330 4236 partum

742 4257 902 4328 virgo
940 4253 1265 4327 perseverat
1299 4275 1313 4312 :
1346 4259 1626 4328 quomodo
1676 4260 1772 4329 qui
1801 4260 1954 4314 omni
1987 4260 2162 4331 major
2205 4275 2324 4330 per-

744 4349 983 4406 fectione
1015 4360 1120 4416 est,
1147 4349 1473 4422 proﬁciebat
1499 4361 1662 4408 aetate
1680 4367 1744 4408 ac
1773 4353 2026 4422 corporis
2055 4359 2267 4407 statura
2286 4351 2330 4419 ⁸;

745 4443 1026 4511 quomodo
1039 4443 1318 4514 quipurus
1334 4453 1442 4508 est,
1461 4459 1602 4514 aqua
1620 4444 2025 4516 intingebatur;
2045 4443 2331 4514 quomodo

749 4534 867 4604 ipse
891 4534 1149 4590 esuriens
1164 4573 1179 4599 ,
1214 4535 1530 4602 nutriebat;
1555 4537 1833 4606 quomodo
1855 4536 2054 4600 fessus,
2071 4536 2334 4591 virtutem

749 4623 1094 4689 conferebat;
1119 4625 1403 4695 quomodo
1423 4641 1568 4696 aegre
1591 4625 1804 4680 habens
1833 4625 2132 4680 sanitatum
2152 4640 2334 4680 reme-

749 4716 841 4772 dia
871 4717 1193 4788 praebebat;
1225 4718 1506 4788 quomodo
1532 4716 2092 4773 moriensvivitlcabat
2109 4718 2134 4770 ?
2156 4717 2336 4788 Atque

751 4815 812 4863 ut
832 4775 1072 4877 primum
1090 4775 1370 4878 postremo
1393 4807 1514 4862 loco
1533 4808 1981 4877 dicam,quonam
2005 4805 2169 4862 modo
2190 4775 2344 4861 Deus"
2370 4775 2413 4831 θ

752 4899 813 4954 ﬁt
839 4899 1041 4964 homo;
1067 4913 1133 4952 ac
1164 4897 1334 4967 (quod
1363 4897 1525 4969 longe
1554 4897 1864 4953 abstrusius
1898 4898 2003 4968 est)
2037 4911 2148 4967 quo
2175 4897 2337 4966 plane

753 4991 921 5047 modo
944 4989 1190 5046 Verbum
1239 4991 1295 5045 in
1341 5006 1529 5056 carne,
1575 5006 1811 5061 persona
1869 5005 1967 5045 sua
2023 4989 2337 5045 essentiali-

760 5091 846 5137 ter
883 5089 991 5147 est,
1023 5080 1174 5152 quod
1205 5081 1582 5137 essentialiter
1631 5081 1824 5137 eadem
1879 5095 2116 5151 persona
2161 5088 2337 5160 totum

758 5175 950 5244 utique
972 5174 1190 5231 exsistit
1211 5174 1359 5244 apud
1379 5173 1594 5230 Patrem
1620 5174 1644 5228 ?
1681 5172 1972 5240 Quomodo
2004 5171 2150 5227 ident
2170 5213 2184 5236 ,
2219 5182 2336 5227 tum

687 5288 694 5295 ·
759 5277 938 5326 totum
984 5267 1130 5322 Deus
1173 5277 1373 5322 natura
1416 5275 1520 5332 est,
1580 5273 1870 5336 totumque
1918 5271 2115 5319 natura
2167 5264 2334 5318 homo

2423 3511 2915 3581 ὲνανθρωπήσεως,
2964 3511 3059 3564 καὶ
3108 3510 3271 3581 μόνον
3308 3509 3628 3580 δοξάσωμεν
3656 3508 4017 3582 άπριέργως

2423 3604 2515 3656 τὸν
2559 3601 2720 3655 τοῦτο
2775 3601 3033 3670 γενέσθαι
3074 3602 3142 3655 δι’
3167 3604 3316 3673 ἡμᾶς
3361 3603 3754 3673 εὑδοκήσαντα.
3789 3604 3889 3668 Τίς
3913 3605 4020 3675 γὰρ

2426 3693 2656 3763 δυνάμει
2689 3693 2912 3764 Θαρῤὦν
2944 3693 3170 3765 λογικῆς
3199 3694 3552 3762 ἀποδείξεως,
3584 3695 3828 3761 ἐξειπεῖν
3861 3697 4022 3750 δύνα-

2424 3805 2538 3851 ται,
2566 3786 2685 3848 πῶς
2707 3786 2850 3840 ’Θεοῦ
2877 3787 3054 3854 Λόγου
3079 3787 3291 3856 γίνεται
3317 3786 3589 3858 ’σύλληψις
3610 3805 3624 3818 ·
3656 3788 3780 3851 πῶς
3805 3789 4023 3857 γένεσις

2428 3879 2632 3950 σαρκὸς
2665 3879 2794 3941 ἀνευ
2840 3879 3087 3950 σπορᾶς·
3121 3878 3240 3942 πῶς
3287 3879 3544 3950 γέννησις
3589 3877 3722 3932 άνευ
3781 3878 4019 3948 φθορᾶς·

2428 3971 2547 4034 πῶς
2573 3971 2778 4042 μήτηρ,
2807 3971 2841 4040 ἡ
2873 3969 2970 4021 καὶ
3003 3969 3141 4039 μετὰ
3172 3969 3333 4021 τόκον
3368 3968 3692 4038 διαμείνασα
3722 3969 4020 4039 παρθένος

2431 4063 2547 4127 πῶς
2593 4063 2622 4115 ό
2666 4061 2992 4130 ὑπερτελὴς,
3040 4061 3167 4114 καθ’
3208 4060 3428 4132 ἠλικίαν
3477 4059 4026 4131 προέκοπτεσπῶςό

2433 4155 2694 4227 καθαρὸς,
2753 4155 3121 4218 ἐϐαπτίζετο⁸
3167 4152 3286 4216 πῶς
3345 4151 3648 4224 διέτρεφεν,
3688 4153 3719 4204 ό
3781 4151 4022 4205 πεινῶν-

2433 4250 2551 4312 πῶς
2580 4253 2610 4303 ό
2645 4247 2878 4312 κοπιῶν,
2912 4246 3202 4317 ἐχαρίζετο
3234 4244 3500 4314 δύναμιν·
3539 4243 3658 4304 πῶς
3695 4245 3726 4296 ό
3767 4243 4027 4312 πάσχων,

2435 4342 2607 4395 ἐδίδου
2643 4341 2850 4412 ίάματα
2870 4356 2886 4370 ο
2924 4337 3043 4401 πῶς
3076 4339 3105 4390 ό
3140 4336 3414 4407 θνήσκων,
3447 4334 3740 4400 ἐζωοποίει
3772 4353 3787 4368 ο
3820 4335 3917 4387 καὶ
3945 4335 4029 4386 ἵνα

2432 4435 2494 4487 τδ
2526 4432 2743 4504 πρῶτον
2777 4431 3093 4484 τελευταῖον
3115 4429 3276 4493 εἴπω,
3315 4427 3431 4490 πῶς
3453 4427 3587 4490 Θεὸς
3616 4426 3917 4497 ἄνθρωπος
3949 4427 4031 4495 γί-

2433 4541 2614 4580 νεῖται⁸
2649 4524 2745 4577 καὶ
2783 4523 2844 4577 τὺ
2875 4523 2940 4593 δὴ
2971 4521 3134 4574 πλέον
3181 4519 3750 4592 μυστηριωδέστερον,
3783 4519 3908 4582 πῶς
3940 4519 4032 4572 οὑ-

2437 4616 2644 4679 σιωδῶς
2673 4616 2732 4666 ἐν
2759 4612 2926 4683 σαρκὶ
2952 4610 3074 4664 καθ’
3099 4610 3399 4664 ὑπόστασιν
3430 4610 3459 4660 ό
3485 4609 3681 4677 Λόγος,
3717 4610 3747 4660 ό
3777 4609 3905 4662 κατ’
3938 4610 4032 4663 οὑ·

2441 4708 2563 4762 σίαν
2594 4705 2967 4767 ὑποστατικῶς
3002 4703 3124 4766 ὅλος
3155 4702 3419 4772 ὑπάρχων
3457 4703 3515 4753 ὲν
3543 4699 3622 4770 τῷ
3654 4701 3876 4771 Πατρίς
3911 4701 4035 4765 Πῶς

2440 4798 2677 4861 όαὺτδς,
2719 4797 2829 4849 καὶ
2856 4794 2978 4858 ὅλος
3024 4793 3143 4846 ἐστὶ
3187 4791 3322 4854 Θεὸς
3369 4791 3514 4844 κατὰ
3558 4789 3745 4858 φύσιν,
3788 4791 3891 4844 καὶ
3916 4793 4035 4853 ὅλος

2440 4889 2637 4960 γέγονε
2685 4886 2829 4941 κατὰ
2871 4884 3036 4953 φύσιν
3075 4883 3387 4954 ἄνθρωπος,
3421 4882 3698 4953 μηδεμίαν
3729 4882 3901 4951 φύσιν
3940 4886 4037 4954 ἡρ-

2444 4981 2680 5054 νημένυς
2707 4979 3047 5041 παντάπασι,
3075 4976 3216 5046 μήτε
3256 4974 3357 5044 τὴν
3395 4973 3572 5040 θείαν,
3598 4973 3727 5027 καθ’
3753 4975 3827 5045 ἣν
3855 4976 4038 5046 ὑπάρ-

2443 5094 2528 5149 χει
2553 5073 2705 5136 Θεὸς,
2743 5071 2881 5142 μήτε
2925 5068 3026 5139 τὴν
3055 5067 3358 5138 ἡμετέραν,
3396 5065 3520 5119 καθ’
3564 5067 3631 5137 ἢν
3669 5067 3909 5137 γέγονεν
3950 5069 4041 5121 άν-

2445 5168 2663 5239 ορωπος
2685 5180 2701 5230 ;
2724 5161 2914 5216 Ταῦτα
2941 5159 3123 5222 πίστις
3155 5157 3291 5228 μόνη
3309 5159 3481 5226 χωρεῖ
3494 5157 3562 5210 τά
3590 5160 3903 5228 μυστήρια,
3930 5160 4039 5213 τῶν

2443 5259 2585 5332 ὑπὲρ
2600 5256 2724 5310 νοῦν
2735 5255 2828 5309 καὶ
2841 5253 2998 5322 λόγον
3017 5250 3268 5320 ὑπάρχου
3275 5267 3342 5303 σα
3356 5251 3701 5321 πραγμάτων
3713 5252 4037 5317 ὑπόστασις.

757 5366 965 5422 factum
986 5373 1106 5432 est;
1129 5372 1326 5420 neutra
1360 5380 1588 5436 prorsus
1630 5362 1942 5420 desiderata
1953 5371 2150 5418 natura
2166 5400 2180 5425 ,
2229 5375 2411 5433 neque
2445 5356 2655 5422 divina,-
2694 5367 2802 5424 qua
2827 5351 2974 5406 Deus
3001 5354 3108 5415 est,
3132 5361 3315 5416 neque
3338 5361 3472 5401 vero
3495 5355 3708 5413 nostra,
3735 5364 3855 5418 qua
3877 5349 4041 5405 homo

831 5499 854 5530 ⁸
881 5498 1018 5556 Luc.
1051 5515 1110 5565 ιι,
1140 5499 1230 5555 52.

839 5610 906 5681 in
960 5611 1143 5680 ’Υπὲρ
1191 5611 1527 5682 ἄνθρωπον.
1567 5611 1724 5679 Quod
1760 5612 1926 5682 paulo
1959 5621 2086 5667 ante
2136 5613 2345 5680 legerat

765 5683 953 5745 Picus,
980 5683 1120 5765 ὑπὲρ
1148 5681 1471 5765 άνρρὼπωγ.
1497 5681 1813 5765 fallentibus
1833 5682 2006 5736 oculis
2024 5697 2086 5765 ac
2111 5697 2347 5765 prafeur-

768 5754 1179 5827 renteealanto,
1213 5752 1302 5808 hic
1332 5754 1464 5827 legit
1490 5769 1555 5827 ac
1576 5753 1986 5827 _reddidit,jpro
2016 5752 2344 5827 hominibus;

764 5823 872 5879 etsi
904 5823 1054 5880 illius
1083 5825 1268 5882 Greca
1311 5823 1537 5894 perinde
1574 5823 1813 5879 habeant
1854 5825 1996 5894 ὑπὲρ
2031 5823 2340 5893 ἄνθρωπον,

2449 5624 2615 5680 supra
2648 5605 2912 5680 hominem
2949 5622 2966 5657 :
2987 5601 3135 5673 quod
3152 5615 3324 5680 unum
3377 5608 3566 5668 aptum
3599 5607 3705 5652 est.
3759 5599 3864 5654 Est
3893 5600 4036 5653 enim

2454 5673 2594 5734 ratio
2613 5693 2716 5731 cur
2744 5676 2992 5747 ignotum
3019 5683 3075 5727 et
3114 5673 3429 5747 abstrusum
3455 5683 3788 5747 semperque
3837 5684 4040 5747 nupta-

2455 5752 2598 5804 rium
2631 5739 3030 5819 incarnationis
3062 5741 3419 5814 mysterium;
3447 5739 3594 5819 quod
3626 5740 3846 5819 scilicet
3873 5739 4040 5797 divini

2455 5820 2780 5887 altiorisque
2815 5814 3030 5872 ordinis
3060 5812 3164 5878 est,
3200 5825 3308 5867 non
3333 5827 3434 5882 pro
3466 5812 3705 5868 humana
3744 5812 3982 5865 ratione.
