4192 6436
214 414 355 484 1185

915 422 1250 484 CAPITUM
1285 421 1705 494 QUINQUIES
1737 421 2253 482 CENTENORUM
2286 420 2673 483 CENTURIA
2712 424 2762 484 Ι.

3329 428 3466 494 1186

208 531 417 587 factum
444 541 527 587 est
554 533 575 586 ?
602 532 725 588 ll.ec
760 534 873 588 sola
913 533 1046 588 ﬁdes
1070 534 1232 603 .capit
1266 534 1674 604 mysteria,ipsa
1698 532 1958 586 nimirum
1995 532 2295 589 substnatia
2310 540 2366 588 et
2401 532 2554 589 basis
2597 550 2790 589 earum
2842 549 3053 602 rerum,
3084 553 3207 609 quae
3242 543 3465 598 omnem

210 624 417 676 tuentis
441 639 660 677 sensum
687 634 744 679 et
770 626 1035 679 rationem
1059 625 1332 678 excedunt
1358 627 1400 677 ⁸.

289 716 372 769 ιδ’.
425 716 482 768 ’0
525 717 695 785 ’Λῖὰμ
736 717 1116 785 παρακούσας.
1166 717 1225 780 ἐξ
1277 717 1470 786 ἡδονῆς
1522 707 1788 785 ἄρχεσθαι
1821 731 1862 782 Α

210 805 314 875 τὴν
354 806 454 872 τῆς
492 806 707 875 φύσεως
743 806 945 871 ἐδίδαξε
981 807 1230 874 γένεσινο
1276 809 1304 859 ὁ
1354 808 1555 875 Κύριος
1589 808 1789 876 ταύτην

212 896 497 961 ἐξοικίζων
529 898 628 967 τῆς
658 900 897 965 φύσεως,
929 897 1026 968 τὴν
1049 902 1111 951 ἐκ
1148 901 1354 967 σπορᾶς
1379 901 1438 950 οὺ
1473 899 1792 968 προσήκατο

214 989 501 1057 σύλληψιν.
535 990 602 1042 ΊΙ
630 990 770 1060 γυνὴ
792 992 1091 1060 παραϐᾶσα
1113 991 1213 1061 τὴν
1233 992 1473 1059 ἐντολὴν.
1509 992 1565 1055 ἐξ
1599 990 1790 1060 ὀδύνης

212 1080 481 1150 ἄρχεσθαι
510 1081 610 1150 τὴν
639 1082 738 1150 τῆς
767 1083 981 1149 φύσεως
1016 1079 1292 1146 κατέδειξε
1319 1081 1594 1152 γέννησιν⁸
1623 1081 1651 1132 ὁ
1682 1080 1792 1131 Κύ-

213 1189 335 1241 ριος
372 1172 576 1243 ταύτην
624 1174 1009 1226 ἀποτινάσσων
1051 1175 1151 1243 τῆς
1200 1172 1436 1240 φύσεως,
1483 1171 1790 1242 γεννηθεὶς,

213 1262 426 1333 φθορὰν
463 1264 753 1333 ὑπομεῖναι
777 1265 875 1336 τὴν
893 1265 1158 1318 τεκοῦσαν
1180 1266 1239 1318 οὐ
1282 1264 1662 1335 συνεχώρησεν
1686 1282 1700 1295 ο
1726 1265 1791 1316 ἵν’

211 1355 353 1423 ὁμοῦ
397 1356 497 1424 τήν
530 1373 589 1407 τε
643 1356 891 1408 ἑκούσιον
938 1355 1150 1426 ἡδονὴν,
1202 1356 1297 1409 καὶ
1357 1358 1457 1425 τὴν
1502 1357 1569 1409 δι’
1622 1357 1792 1425 αὐτὴν

211 1446 476 1498 ἀκούσιον
509 1445 723 1517 ὀδύνην,
767 1447 923 1517 ἐξέλῃ
967 1448 1065 1515 τῆς
1108 1447 1343 1517 φύσεως.
1372 1442 1447 1498 ὧν
1474 1448 1572 1499 οὐκ
1604 1442 1673 1517 ἦν
1701 1448 1793 1517 δη·

215 1537 506 1607 μιουργδς,
550 1539 844 1609 ἀναιρέτης
886 1540 1210 1608 γενόμενος’
1260 1538 1353 1590 καὶ
1383 1538 1566 1608 διδάξῃ
1606 1555 1795 1607 μυστι-

212 1629 333 1692 κῶς
370 1628 510 1681 κατὰ
537 1627 786 1698 γνώμην,
814 1628 978 1692 ἄλλης
1012 1628 1359 1698 ἀπάρχεσθαι
1384 1627 1550 1696 ζωῆς,
1588 1627 1647 1691 ἐξ
1674 1626 1794 1679 ὀδύ-

214 1739 317 1791 νης
361 1723 460 1790 μὲν
505 1721 664 1789 τυχὸν
706 1721 1017 1790 ἀρχομένης
1054 1722 1146 1773 καὶ
1194 1722 1393 1785 πόνων,
1425 1720 1700 1790 ληγούσης
1739 1719 1795 1771 δὲ

216 1811 439 1871 πάντως
471 1810 549 1871 εἰς
580 1809 771 1878 ἡδονὴν
796 1810 947 1862 Θείαν
975 1808 1067 1863 καὶ
1095 1810 1433 1880 εὐφροσύνην
1468 1809 1793 1877 ἀπέραντον.

214 1902 323 1955 Διὰ
393 1900 551 1953 τοῦτο
608 1902 817 1969 γίνεται
886 1902 1195 1972 ἄνθρωπος,
1246 1902 1337 1954 καὶ
1408 1902 1663 1967 γεννᾶται
1724 1899 1798 1963 ὡς

217 1992 527 2064 ἄνθρωπος,
567 1995 595 2045 ὁ
638 1994 869 2064 ποιήσας
903 1994 993 2046 τὸν
1050 1993 1356 2064 ἄνθρωπον,
1407 1992 1493 2045 ἵνα
1529 1991 1676 2064 σώσῃ
1707 1993 1796 2045 τὸν

217 2086 530 2157 ἄνθρωπον,
564 2086 656 2138 καὶ
692 2087 838 2157 πάθη
867 2086 1099 2139 πάθεσιν
1148 2086 1459 2156 ἰασάμενος,
1497 2085 1669 2147 πάθος
1703 2085 1802 2136 αὐ·-

1963 716 2050 769 14.
2086 715 2328 770 Adamus
2348 718 2607 786 praecepti
2640 719 2826 774 violati
2860 736 3006 785 reus,
3045 729 3258 777 natura:
3284 731 3469 781 ortum

1896 820 1963 858 ex
1991 806 2267 875 voluptate
2296 823 2361 861 ac
2401 807 2633 862 libidine
2664 811 3059 878 auspicandum
3082 806 3288 868 decuit.
3314 812 3472 870 Hanc

1897 898 2163 952 Dominus
2197 916 2226 953 ιι
2261 909 2458 954 natura
2503 901 2795 955 eliminans
2821 942 2836 967 ,
2886 914 3213 973 conceptum
3254 906 3349 975 qui
3400 920 3468 963 ex

1899 993 2108 1045 semine
2136 1003 2221 1047 est
2253 1009 2358 1047 non
2395 994 2639 1049 admisit.
2671 995 2869 1050 Mulier
2894 1004 2951 1051 et
2992 996 3108 1066 ipsa
3147 1000 3469 1068 przevarica-

1900 1085 2066 1139 tionis
2094 1101 2208 1146 rea,
2238 1101 2267 1138 a
2297 1086 2485 1141 dolore
2519 1087 2842 1142 initiandam
2869 1098 3079 1144 naturae
3126 1092 3468 1148 nativitatem

1898 1176 2157 1230 ostendit.
2191 1177 2347 1231 Hunc
2393 1179 2657 1233 Dominus
2690 1196 2721 1233 a
2754 1189 2972 1244 natura,
3022 1182 3140 1249 ipse
3195 1183 3470 1238 nascendo

1898 1268 2205 1329 excutiens,
2224 1283 2553 1337 puerperam
2574 1278 2801 1323 matrem
2820 1273 3162 1340 corruptioni
3177 1272 3468 1327 obnoxiam

1900 1356 2017 1410 fore
2048 1372 2155 1409 non
2193 1358 2443 1425 permisit
2472 1374 2486 1421 ;
2547 1368 2606 1411 ut
2649 1359 2811 1412 simul
2837 1366 2951 1411 tum
2983 1356 3338 1428 spontaneum
3369 1376 3470 1415 voc

1900 1450 2165 1518 luptatem
2193 1466 2257 1503 ac
2288 1450 2599 1513 libidinem,
2648 1459 2762 1504 tum
2791 1453 2911 1521 ejus
2946 1468 3111 1507 causa
3157 1454 3469 1511 invol’unta-

1903 1541 2045 1593 rium
2072 1541 2343 1596 invectum
2371 1541 2616 1595 dolorem
2665 1558 2695 1597 e
2722 1551 2921 1598 natura
2974 1543 3221 1599 auferret
3253 1545 3472 1616 (nempe

1900 1647 2136 1700 quorum
2171 1648 2281 1685 non
2312 1630 2491 1686 fuerat
2512 1632 2786 1695 conditor,
2824 1632 2939 1689 ὴσιο
2970 1634 3213 1703 proclive
3260 1636 3471 1705 deleas)

1905 1725 2245 1793 mysticequc
2290 1724 2492 1777 mentis
2538 1725 2823 1793 proposito
2870 1741 2934 1779 ac
2985 1726 3267 1795 voluptate
3311 1726 3473 1781 aliam

1904 1814 2135 1868 doceret
2190 1814 2582 1883 auspicandam
2632 1815 2821 1879 vitam,
2865 1817 3022 1887 cujus
3064 1818 3299 1886 quidem
3331 1818 3475 1873 forte

1903 1919 1932 1957 a
1971 1904 2165 1957 dolore
2197 1912 2253 1957 et
2275 1903 2557 1958 laboribus
2582 1903 2832 1958 ducenda
2864 1906 3109 1970 exordia,
3137 1923 3259 1976 qua:
3291 1917 3473 1962 tamen

1906 1995 2131 2047 omnino
2162 1993 2217 2047 in
2245 1994 2486 2048 divinam
2531 1996 2867 2063 voluptatem
2900 1996 3475 2069 interminabilemque

1903 2082 2145 2137 ltetitiam
2170 2082 2468 2137 desineret.
2491 2083 2677 2153 515‘
2702 2084 2913 2140 Idcirco
2942 2086 3001 2140 [it
3022 2087 3205 2150 homo,
3237 2098 3400 2158 atque
3414 2098 3475 2143 ut

214 2146 609 2247 tog-tintipiwv
636 2146 929 2248 dnoSuZ/ﬁﬁ
956 2178 1065 2230 τῶν
1083 2146 1369 2247 ἡμετέρων
1396 2146 1603 2240 παθῶν,
1632 2177 1801 2245 ὑπερ-

1902 2170 2076 2227 homo
2098 2175 2381 2239 nascitur,
2417 2175 2511 2243 qui
2551 2175 2877 2229 condiderat
2928 2177 3229 2243 hominem,
3290 2146 3475 2235 titho-

218 2268 375 2337 φυῶς
411 2273 530 2331 ταῖς
559 2270 753 2323 ἑαυτοῦ
790 2272 931 2322 κατὰ
964 2270 1144 2339 σάρκα
1181 2270 1492 2339 στερήσεσι,
1517 2269 1617 2329 τὰς
1646 2268 1801 2338 ήμῶν

219 2359 625 2429 φιλανθρώπως
652 2360 792 2413 κατὰ
822 2360 1036 2429 πνεῦμα
1066 2360 1204 2425 ἕξεις
1231 2359 1647 2428 ἀνανεούμενος.

1907 2266 2043 2320 mini
2091 2266 2322 2320 salutem
2368 2266 2683 2331 conferret;
2747 2269 3212 2339 aegritudinesque
3253 2273 3476 2342 aegritu-

1908 2358 2131 2411 dinibus
2160 2371 2392 2422 sanans;
2440 2358 2711 2427 aegritudo
2744 2359 2859 2428 ipse
2892 2376 2956 2415 ac
3012 2360 3273 2417 interitus
3314 2364 3475 2435 aegri-

220 2451 478 2505 tudinum
519 2462 834 2505 nostrarum
859 2453 1123 2515 eniteret;
1152 2450 1353 2505 eximia
1377 2451 1613 2520 quadam
1654 2448 1867 2505 ratione
1907 2451 2022 2504 suis
2063 2448 2368 2504 secundum
2404 2465 2622 2503 carnem
2658 2450 3081 2519 privationibus,
3121 2463 3340 2509 nostros
3377 2454 3475 2511 be-

220 2546 389 2616 nigne
418 2545 721 2600 secundum
753 2546 1010 2615 spiritum
1037 2546 1261 2601 habitus
1294 2546 1627 2601 instaurans.

298 2642 381 2690 ιε’.
434 2637 491 2689 ’0
527 2637 606 2705 τῷ
651 2636 781 2707 θείῳ
828 2638 977 2690 πόθω
1012 2639 1242 2706 νικήσας
1265 2640 1363 2708 τὴν
1395 2640 1531 2709 πρὸς
1560 2640 1621 2693 τὸ
1642 2640 1801 2710 σῶμα

222 2727 327 2797 τῆς
353 2727 533 2797 ψυχῆς
558 2726 825 2791 διάθεσιν,
851 2727 1229 2796 ἀπερίγραφος
1268 2729 1478 2794 γέγονε,
1518 2730 1621 2781 κᾶν
1652 2730 1800 2781 ἐστιν

224 2820 287 2873 ὲν
322 2819 555 2889 σώματι.
592 2817 651 2871 '0
687 2818 796 2887 γάρ
835 2818 1009 2870 ἕλκων
1049 2818 1146 2889 τὴν
1169 2818 1262 2871 τοῦ
1293 2818 1584 2881 ποθοῦντος
1617 2818 1802 2887 ἔφεσιν

223 2909 382 2973 Θεδς,
435 2911 651 2963 πάντων
705 2908 1053 2979 άσυγκρίτως
1103 2911 1253 2962 ἐστὶν
1300 2909 1652 2981 ὑψηλότερος,
1701 2912 1800 2965 οὐκ

225 3002 335 3056 ἑῶν
370 3002 461 3055 τὸν
504 3000 776 3055 ποθοῦντα
816 3002 922 3055 τινὶ
964 3000 1072 3054 τῶν
1102 3004 1240 3070 μετά
1277 3002 1411 3055 Θεὸν
1447 3003 1799 3073 προσηλῶσαι

224 3092 329 3165 τὴν
356 3092 564 3161 ἔφεσιν.
592 3093 925 3162 Ποθήσωμεν
949 3088 1147 3146 οὖντὸν
1175 3092 1307 3146 Θεὸν
1336 3092 1459 3146 καθ’
1486 3094 1614 3163 ὅλην
1644 3092 1801 3163 ἡμῶν

227 3185 330 3255 τὴν
363 3188 460 3253 τῆς
504 3185 718 3250 φύσεως
749 3183 1002 3253 δύναμιν,
1035 3183 1134 3236 καὶ
1159 3185 1292 3237 πᾶσι
1330 3187 1442 3248 τοῖς
1470 3185 1802 3253 σωματικοῖς

228 3277 331 3348 τὴν
352 3278 671 3348 προαίρεσιν
704 3277 1013 3346 άκράτητον
1042 3275 1420 3345 ποιησώμεθα,
1457 3276 1550 3328 καὶ
1583 3276 1801 3328 πάντων

1981 2637 2067 2690 15.
2103 2636 2205 2701 Qui
2234 2635 2423 2689 divino
2447 2649 2633 2688 amore
2654 2649 2734 2693 ac
2763 2634 3077 2699 desiderio,
3128 2635 3298 2690 animi
3347 2652 3477 2708 erga

1909 2744 2111 2797 corpus
2134 2728 2284 2797 justo
2308 2725 2656 2795 proclivioris
2689 2724 2918 2779 affectus
2970 2740 3196 2795 compos
3242 2728 3474 2793 exstitit,

1906 2820 2009 2875 etsi
2044 2819 2100 2873 in
2132 2833 2363 2887 corpore
2398 2826 2664 2878 versatur,
2700 2816 3252 2889 incircumpscriptus
3276 2820 3474 2878 evasit.

1905 2911 2052 2965 Deus
2072 2909 2219 2963 enim
2250 2909 2343 2979 qui
2368 2908 2602 2963 amantis
2635 2924 2699 2962 ac
2723 2907 3088 2964 desiderantis
3118 2911 3477 2979 cupiditatem

1907 3002 2095 3061 trahit,
2137 3001 2274 3055 citra
2307 3014 2527 3053 omnem
2549 2998 3016 3067 comparationem
3046 3000 3264 3055 cunctis
3316 3017 3477 3071 supe-

1909 3093 2021 3146 rior
2046 3100 2151 3154 cst,
2178 3105 2282 3144 nec
2312 3099 2585 3144 amantem
2616 3104 2680 3143 ac
2710 3088 3138 3154 desiderantem,
3164 3091 3257 3144 ulli
3283 3106 3474 3147 eorum

1908 3198 2030 3252 qua:
2058 3198 2088 3236 a
2123 3182 2235 3235 Deo
2265 3179 2507 3235 secunda
2535 3188 2682 3244 sunt,
2702 3179 2901 3234 all‘ectu
2931 3180 3291 3236 inhaerescere
3321 3182 3473 3237 sinit.

1911 3275 2081 3328 Deum
2115 3273 2283 3343 igitur
2309 3288 2557 3326 amemus
2595 3286 2658 3325 ac
2690 3270 3070 3326 desideremus
3102 3273 3232 3327 totis
3267 3282 3477 3329 natura:

228 3369 343 3422 τῶν
380 3368 549 3420 ὄντων
587 3367 858 3435 αἰσθητῶν
909 3383 970 3419 τε
1018 3367 1111 3418 καὶ
1164 3366 1369 3437 νοητῶν
1433 3367 1688 3437 ὑπεράνω
1740 3370 1801 3438 τῇ

1910 3364 2157 3427 viribus,
2210 3363 2488 3432 nullisque
2534 3363 2777 3415 animum
2826 3363 3113 3431 corporeis
3161 3363 3475 3418 devinctum

229 3459 474 3513 διαθέσει
523 3458 836 3528 γενώμεθα,
894 3456 989 3511 καὶ
1034 3456 1186 3509 οὐδὲν
1242 3457 1385 3510 κατὰ
1436 3456 1534 3528 τὴν
1580 3456 1806 3527 γνώμην

233 3554 373 3624 πρὸς
410 3554 473 3605 τὸ
519 3555 755 3605 συνεῖναι
787 3549 905 3620 Θεῷ
933 3549 1011 3619 τῷ
1058 3548 1200 3601 κατὰ
1230 3544 1392 3617 φύσιν
1418 3548 1803 3619 ἀπεριγράερῳ,

230 3644 512 3708 παντελῶς
548 3644 652 3697 ὑπὸ
698 3644 797 3711 τῆς
836 3641 1071 3711 φυσικῆς
1127 3639 1474 3710 περιγραφῆς
1528 3637 1805 3709 ζημιωθη-

232 3736 481 3807 σώμεθα.

308 3920 406 3979 ις’.
462 3911 637 3982 Ἀγών
669 3913 785 3965 ἐστι
828 3912 1024 3980 φθόνου
1062 3911 1155 3964 καὶ
1183 3908 1465 3981 ἀρετῆς.ἡ
1498 3908 1607 3962 τῶν
1636 3907 1807 3976 άγίων

227 4007 539 4062 δυσπάθεια
590 4007 704 4077 (9)·
758 4005 851 4058 τοῦ
910 4006 1031 4073 μὲν,
1086 4005 1235 4067 ὅπως
1272 4004 1523 4075 κρατήσῃ
1572 4001 1808 4071 φιλονει-

230 4098 460 4160 κοῦντος
485 4115 499 4128 ·
535 4097 636 4167 τῆς
684 4097 764 4159 δὲ,
814 4098 963 4159 ὅπως
1011 4096 1279 4166 ἀήττητος
1314 4093 1587 4166 διαμείνῃ,
1630 4093 1807 4146 πάντα

231 4189 508 4259 φερούσης
526 4205 540 4218 ⁸
578 4187 784 4241 καὶτοῦ
815 4186 936 4258 μὲν,
964 4187 1110 4247 ὅπως
1137 4184 1376 4257 εὐοδώσῃ
1411 4185 1578 4238 κακία
1608 4186 1808 4252 ἀγωνι-

232 4280 492 4350 ζομένου,
536 4280 626 4332 διὰ
665 4280 761 4349 τῆς
789 4279 897 4332 τῶν
928 4276 1340 4348 κατορθούντων
1372 4274 1677 4338 κολάσεως·
1706 4274 1808 4344 τῆς

231 4375 315 4436 δὲ,
358 4375 508 4434 ὅπως
555 4373 802 4442 κατάσχῃ
834 4370 963 4434 τοὺς
1010 4368 1251 4438 ἀγαθοὺς
1303 4369 1403 4421 κάν
1446 4370 1567 4430 ταῖς
1600 4384 1811 4438 συμφο-

236 4467 361 4535 pati;
381 4464 441 4516 τδ
476 4464 636 4516 πλέον
672 4463 910 4532 ἔχοντας.

1905 3465 2248 3524 praestemus,
2280 3462 2444 3522 atque
2468 3452 2671 3506 affectu
2695 3468 2758 3507 ac
2781 3454 3081 3518 voluntate,
3110 3454 3326 3509 cunctis
3355 3471 3477 3526 qua:

1904 3542 1958 3595 in
1989 3558 2210 3597 sensum
2250 3543 2455 3597 cadunt
2500 3549 2595 3595 aut
2633 3552 2815 3597 mente
2849 3543 3268 3614 intelliguntur,
3309 3560 3478 3614 supe-

1904 3636 2082 3689 riores
2118 3634 2445 3699 efﬁciamur,
2484 3634 2728 3704 nihilque
2772 3650 3000 3704 prorsus
3041 3636 3308 3691 naturalis
3360 3638 3474 3691 cir-

1903 3728 2258 3796 cumscriptio
2284 3727 2486 3791 oberit,
2512 3727 2645 3796 quin
2681 3734 2864 3781 mente
2896 3735 2953 3781 et
2973 3728 3180 3791 animo,
3207 3743 3332 3782 cum
3360 3728 3475 3783 Deo

1903 3826 2099 3870 natura
2129 3817 2608 3885 incircumscripto
2638 3831 2945 3870 versemur.

1978 3910 2065 3964 16.
2102 3910 2327 3965 Invidia;
2356 3911 2687 3978 virtutisque
2743 3918 3025 3964 certamen
3062 3916 3149 3962 est
3194 3924 3256 3962 ac
3292 3924 3473 3978 pugna

1905 4011 2221 4058 sanctorum
2258 4004 2418 4057 malis
2440 4002 2761 4057 obsistendo
2786 4001 3023 4055 firmitas.
3040 4016 3105 4054 ac
3123 4001 3430 4055 constantia
3454 4018 3471 4056 :

1909 4094 2081 4147 altera
2112 4093 2334 4163 quidem
2360 4094 2603 4148 enitente
2636 4105 2696 4149 ut
2726 4094 2953 4148 victoria
2981 4092 3264 4162 poliatur;
3301 4092 3472 4147 altera

1909 4201 2043 4240 vero
2072 4196 2271 4240 cuncta
2299 4186 2508 4241 ferente
2542 4195 2601 4239 ut
2629 4188 2833 4240 invicta
2853 4187 3116 4240 consistat
3135 4202 3149 4237 ε
3168 4200 3231 4240 ac
3245 4186 3470 4255 quidem

1908 4275 2113 4330 invidia
2144 4276 2199 4330 in
2234 4277 2337 4331 hoc
2364 4285 2610 4331 certante
2643 4287 2702 4331 ut
2740 4277 2934 4331 vitium
2983 4293 3048 4331 ac
3098 4277 3307 4330 malitia
3340 4292 3473 4346 pro-

1911 4383 2103 4436 speros
2135 4383 2424 4423 successus
2454 4368 2672 4431 haheat,
2706 4384 2897 4422 eorum
2929 4383 3109 4438 pmna.
3132 4369 3224 4437 qui
3261 4383 3324 4422 ca
3350 4383 3474 4437 qua:

1911 4459 2074 4514 officii
2098 4469 2226 4514 sunt
2253 4471 2516 4530 peragant
2541 4476 2606 4515 ac
2635 4460 2895 4514 virtutem
2929 4468 3225 4529 praestent;
3248 4459 3476 4529 ipsaque

231 4557 468 4619 virtute,
500 4563 563 4608 ut
595 4555 820 4624 probos,
849 4554 935 4608 vel
972 4553 1025 4606 in
1053 4552 1317 4606 :erumnis
1354 4566 1419 4606 ac
1444 4551 1570 4606 vita:
1614 4551 1792 4618 malis,
1837 4553 2051 4622 potiore
2078 4562 2227 4607 sorte
2250 4551 2547 4607 contincat.

311 4675 333 4707 '
362 4673 527 4728 Hebr.
567 4689 639 4735 χι,
672 4672 722 4725 1.

314 4787 389 4860 (g)
441 4786 520 4840 Ἡ·
551 4783 669 4836 τῶν
711 4782 911 4861 ἰίτίων
960 4774 1314 4861 δμσξτὰθεια.
1336 4773 1562 4861 .Sensus
1594 4773 1801 4856 Maximi

1916 4775 2160 4861 ροίίοτεξ
2183 4781 2315 4861 sum,
2334 4790 2361 4861 ε
2384 4772 2598 4861 Ms"?!
2627 4773 2795 4861 1093.6
2812 4771 3263 4861 .99":'F}F‘199=‘m
3284 4772 3475 4861 ,ηιξίιοέ

230 4843 437 4923 οςίίέα
464 4870 643 4925 pugna
674 4843 793 4905 vitii
833 4848 1162 4925 ac_virtutis,
1193 4845 1350 4925 quasi
1372 4843 1687 4925 durarinqui
1711 4861 1811 4925 .se-

233 4914 581 4985 rio'virtutis
610 4925 850 4978 cultores
879 4920 1010 4979 sint,
1054 4926 1115 4970 ut
1143 4914 1253 4970 non
1282 4915 1440 4969 facile
1459 4914 1646 4985 rlzedia
1673 4915 1808 4968 vitio

230 4984 472 5070 possint.
514 4996 640 5049 Haec
669 4992 818 5070 enim
848 4990 1103 5070 visnejus.
1138 4986 1320 5067 vocis,
1355 4993 1415 5070 ut
1458 4984 1547 5070 hic
1575 4984 1806 5070 Maximo

234 5056 557 5137 usurpatur,
620 5065 779 5137 cujus
819 5056 1501 5137 signnilicalionisvexstant
1557 5056 1806 5137 exempla

233 5124 395 5210 apud?
433 5124 573 5210 llud.
609 5124 895 5210 etJHenr:
922 5128 1197 5210 Stephan.‘
1234 5125 1383 5179 Nihil
1411 5124 1477 5177 ad
1506 5140 1620 5210 rem
1656 5125 1804 5195 quod

234 5197 425 5265 reddit
450 5209 631 5267 Picus,
658 5198 1330 5272 Repugnantiqnﬂ'ectuum
1352 5210 1469 5272 quis
1495 5205 1571 5248 est
1596 5197 1650 5272 in
1676 5212 1804 5248 san-

233 5279 336 5335 etis
370 5295 389 5332 :
424 5265 841 5348 quem
870 5286 972 5348 vox
1155 5282 1276 5348 non
1308 5265 1565 5348 partitur.
1613 5265 1803 5348 Posset

234 5335 465 5419 quidem
510 5345 689 5419 reddi,
722 5341 981 5419 Maiestia,
1020 5337 1207 5419 labor_,_
1228 5345 1371 5417 etc".
1401 5346 1461 5419 ut
1490 5335 1805 5419 cap._.l9_et

234 5406 307 5475 2'1
337 5436 352 5484 ;
380 5419 476 5473 sed
528 5406 711 5470 minus
746 5406 1373 5484 quadrat_pro‘_Ma_ximi
1405 5406 1496 5460 hic
1520 5406 1802 5484 instituto.

235 5475 398 5554 Quod
423 5488 479 5542 in
520 5486 627 5540 ﬁne
657 5475 779 5552 cap:
825 5489 931 5544 est,
970 5475 1086 5554 Τῆς
1125 5476 1201 5554 δι.
1224 5477 1371 5554 ὅπως
1400 5475 1645 5554 κατάσχῃ
1679 5475 1805 5554 τοις

237 5545 503 5627 ἔγαθοὺς.
524 5558 626 5609 κάν
655 5545 774 5627 τρῖς
809 5545 1113 5627 casam?
1135 5547 1195 5599 τδ
1220 5545 1404 5627 ,πλέοι
1430 5545 1673 5627 ἔχονῖξιεν
1704 5545 1809 5598 πιλί-

238 5614 366 5684 οέτε
391 5614 653 5697 depravat
687 5614 830 5697 idem
851 5614 1034 5697 Picus,
1058 5618 1189 5697 dum
1220 5616 1297 5697 ita
1311 5614 1531 5697 reddit}.
1562 5614 1682 5667 Ilarc
1709 5630 1810 5697 a_u_-

240 5710 369 5762 tem,
395 5684 646 5751 ut'bonos
672 5703 719 5747 et
746 5690 1109 5760 locupletiores
1138 5688 1191 5739 in
1212 5684 1606 5762 calamitatibus
1638 5686 1808 5762 conti-

240 5755 388 5823 neat.
421 5769 588 5823 Plene
633 5767 751 5819 vult
785 5755 1071 5819 Maximus,
1110 5756 1393 5811 continere
1446 5755 1705 5807 virtutem
1750 5755 1804 5808 in

241 5837 424 5894 ofIicio
482 5837 701 5908 probos,
759 5846 994 5904 quorum
1028 5828 1193 5884 etiam
1229 5827 1282 5880 in
1321 5825 1581 5880 aerumnis
1626 5835 1810 5893 partes

1914 4841 2059 4899 rum.
2097 4846 2353 4898 Dicamus
2380 4859 2501 4906 nos,
2538 4842 2639 4907 Qui
2683 4852 2772 4895 ant
2807 4841 3103 4912 l‘avantage
3134 4842 3299 4894 ηιέηιε
3339 4842 3473 4896 dans

1913 4914 1988 4969 les
2038 4915 2330 4983 aﬂlictious,
2407 4922 2515 4967 etc.
2554 4914 2677 4967 Htec
2699 4912 2958 4983 nimirum
3000 4912 3312 4979 evangelica
3349 4928 3476 4983 pro;-

1911 4981 2104 5040 missio
2133 4989 2183 5037 :'
2208 4983 2410 5038 Centies
2458 4991 2664 5035 tantum
2694 4998 2830 5034 nunc
2869 4982 2925 5033 iu
2962 4991 3194 5050 tempore
3216 4983 3329 5042 hoc,
3355 4981 3471 5037 eum

1908 5055 2372 5124 persecutionibns,
2392 5052 2560 5106 Marc.
2584 5068 2638 5124 ξ,
2651 5050 2727 5124 -50
2746 5050 2940 5124 ;_quod
2957 5051 3187 5124 egregie
3208 5051 3474 5124 maximus

1906 5114 2064 5189 dicit,
2115 5114 2508 5193 κατορθοῦντας
2538 5114 2877 5193 κολάζεσθαι,
2911 5114 3129 5174 ὅάεῦτό
3144 5121 3322 5193 puniri
3356 5138 3473 5174 ma-

1906 5196 2071 5265 lisque
2091 5190 2263 5265 afﬁci,
2285 5192 2424 5260 quod
2450 5193 2695 5265 virtutem
2722 5190 2956 5265 colemus
2976 5231 2991 5254 ,
3015 5191 3475 5265 et_of]icii‘teuuces

1900 5259 2083 5320 sinitis.
2117 5259 2176 5319 id
2205 5259 2355 5319 certe
2389 5262 2484 5331 qui
2516 5269 2792 5332 praestent,
2826 5261 2991 5332 inque
3015 5260 3122 5315 illis
3152 5259 3471 5332 patientiam

1907 5343 2149 5399 teneant,
2185 5349 2280 5390 seu
2328 5330 2496 5387 etiam
2516 5330 2529 5332 ί
2557 5331 2849 5402 gaudeant,
2913 5331 3118 5385 virtute
3147 5399 3161 5402 _
3187 5330 3365 5402 adulti,
3409 5346 3474 5402 ac

1903 5406 2215 5460 Christiana
2262 5399 2610 5461 fortitudine,
2658 5400 2905 5454 omnium
2974 5415 3102 5455 vere
3147 5399 3472 5463 beatissimi,

1908 5478 2309 5543 adversumque
2352 5488 2543 5526 omnes
2573 5471 2633 5523 τὸ
2662 5470 2821 5543 πλέον
2861 5470 3091 5543 ἔχοντες.
3138 5470 3271 5543 item
3302 5468 3473 5523 Maxi-

1912 5563 2033 5600 mus
2063 5538 2236 5613 magis
2274 5544 2509 5613 explicat
2533 5539 2785 5613 sequenti
2813 5538 2931 5613 cap.
2961 5540 3118 5613 cujus
3148 5538 3203 5592 in
3233 5540 3337 5613 fine
3371 5554 3471 5593 au-

1911 5632 2004 5670 rea
2054 5609 2324 5669 sententia
2349 5609 2462 5675 est,
2486 5611 2681 5672 Ῥῶσις
2712 5610 2889 5678 ψυχῆς
2923 5613 3035 5673 τοῖς
3090 5609 3471 5676 ὑπομένουσιν,

1906 5689 1934 5737 ὁ
1968 5683 2058 5737 τοῦ
2106 5682 2357 5752 σώματος
2391 5682 2644 5752 αἰκισμός
2666 5697 2677 5707 ·
2723 5679 2916 5752 Robur_
2948 5680 3112 5732 animi
3138 5694 3230 5749 per
3264 5680 3470 5747 patien-

1908 5757 2056 5820 tiam,
2088 5750 2291 5824 injuria
2318 5769 2380 5806 ac
2408 5751 2678 5822 sugillatio
2711 5750 2967 5821 corporis.
