4192 6436
202 426 343 494 1189

890 427 1232 489 CAPITUM
1268 389 1694 500 QUINDUIES
1731 428 2253 490 CENTENORUM
2292 429 2681 489 CENTURIA
2717 428 2768 488 .i.

3345 423 3482 492 1190

194 555 395 611 τοχονς
433 532 479 608 ᾧ
523 541 587 593 τὺ
633 541 1004 612 συμπάσχειν,
1039 539 1325 610 βασιλείας
1353 539 1615 610 πρόξενον
1644 541 1783 608 γίνε-

1898 541 2082 595 socius
2105 540 2224 593 sit?
2272 541 2433 608 cuius
2462 540 2611 593 socia
2638 538 2848 608 passio,
2878 551 3108 607 regnum
3133 551 3395 609 procurat
3418 556 3483 597 ac

196 649 316 685 ται.
374 631 606 703 Ἀληθὴς
648 635 758 704 γάρ
786 636 814 687 ὁ
851 634 1053 686 εἰπών⁹
1100 633 1285 700 Εἴπερ
1323 631 1789 701 συμπάσχομεν,

197 720 303 775 ινα
330 722 427 774 καί
455 722 990 792 συνδοξασθῶμεν.

273 811 373 867 κε’.
415 814 477 867 Et
508 815 727 878 πάντως
758 815 992 885 πονῆσαι
1013 815 1118 878 δεῖ,
1173 814 1261 869 διά
1314 814 1415 885 τὴν
1449 814 1792 885 ὲμφυρεῖσαν

196 905 269 973 τῇ
296 902 460 971 φύσει
496 902 589 956 διὰ
617 904 711 956 τοῦ
743 906 1093 976 προπάτορος
1124 904 1340 974 ἡδονὴν,
1368 904 1631 972 γενναίως
1666 906 1791 967 τοὺς

198 997 576 1069 προσκαίρους
629 998 1061 1068 καρτερήσωμεν
1109 998 1326 1063 πόνους,
1353 998 1452 1068 τῆς
1500 1014 1557 1049 τε
1593 997 1791 1068 ἡδονῆς

193 1088 264 1140 τὸ
314 1087 544 1159 κέντρον
582 1092 715 1159 ἡμῖν
762 1090 1166 1159 ἀμϐλύνοντας,
1205 1089 1445 1143 καὶτῶν
1495 1090 1562 1143 δι’
1614 1089 1790 1157 αὐτῆς

196 1181 352 1250 ἡμᾶς
378 1182 613 1235 αἰωνίων
649 1180 1073 1250 ἐλευθεροῦντας
1100 1181 1397 1234 κολάσεων.

270 1357 385 1422 κς’.
423 1357 650 1411 Πάντων
677 1356 789 1409 τῶν
837 1355 1062 1423 ἀγαθῶν
1093 1355 1247 1415 τέλος
1282 1358 1434 1408 ἐστὶν
1480 1355 1514 1425 ἡ
1571 1353 1785 1425 ἀγάπη,

192 1449 277 1513 ὡς
312 1451 449 1519 πρὸς
470 1450 604 1503 Θεὸν
626 1449 688 1502 τὸ
708 1448 819 1502 τῶν
849 1447 1074 1516 ἀγαθῶν
1104 1447 1434 1519 ἀκρότατον,
1461 1447 1555 1500 καὶ
1583 1447 1788 1511 παντὸς

194 1542 378 1596 αἴτιον
406 1541 639 1610 ἀγαθοῦ,
674 1541 803 1603 τοὺς
834 1541 895 1593 ἐν
933 1541 1070 1611 αὐτῇ
1111 1538 1551 1610 περιπατοῦντας
1579 1539 1790 1605 ἄγουσα

196 1634 296 1685 καὶ
326 1634 681 1703 προσάγουσα
712 1633 807 1685 καὶ
839 1634 1172 1700 συνάγουσα,
1203 1630 1280 1694 ὼς
1313 1630 1480 1701 πιστὴ
1516 1631 1609 1685 καὶ
1633 1632 1785 1684 ἀδιά-

197 1746 418 1791 πτωτος
448 1729 525 1796 (It)
557 1728 655 1782 καὶ
686 1729 948 1798 μένουσα.
987 1730 1051 1781 ἰι
1085 1728 1268 1791 πίστις
1296 1725 1425 1796 γὰρ,
1459 1726 1621 1795 βάσις
1671 1728 1789 1779 ἐστὶ

192 1820 310 1874 τῶν
337 1820 457 1890 μετ’
481 1819 671 1889 αὐτὴν,
703 1819 919 1883 ἐλπίδος
947 1819 1092 1886 λέγω
1141 1818 1239 1870 καὶ¹
1275 1817 1518 1887 ἀγάπης,
1555 1816 1788 1886 βεϐαίως

1896 629 2175 684 conciliat.
2209 629 2388 683 Verax
2420 629 2567 685 enim
2598 640 2704 692 est,
2731 627 2823 697 qui
2857 627 2937 686 ait
2964 645 2979 680 :
3017 626 3077 683 Si
3103 630 3481 699 compatimur,

1895 727 1953 771 ut
1982 728 2033 772 et
2058 718 2517 789 congloriﬁcemur
2550 722 2611 771 ¹².

1964 808 2055 864 25.
2096 808 2234 864 Cum
2306 810 2535 864 omnino
2589 811 2809 863 labores
2852 811 3157 871 desudaldi
3203 811 3358 877 sint,
3408 812 3486 867 ob

1896 902 2250 957 eommistam
2284 911 2499 956 naturze
2532 902 2720 969 proavi
2784 903 2987 972 injuria
3032 905 3374 974 voluptatem
3415 920 3483 960 ac

1894 987 2205 1057 libidinem,
2236 1004 2623 1063 temporancos
2655 993 2813 1065 517
2838 1004 3063 1049 strenue
3103 996 3324 1051 labores
3355 1013 3484 1072 per-

1893 1084 2157 1150 feramus,
2192 1087 2286 1155 qui
2338 1095 2396 1139 et
2432 1085 2735 1154 voluptatis
2789 1100 2852 1139 ac
2901 1085 3154 1140 libidinis
3192 1087 3505 1165 stimulum

1892 1178 2055 1233 nobis
2086 1178 2405 1243 retundant,
2432 1179 2767 1247 aeternisque
2800 1178 3087 1249 suppliciis
3117 1194 3356 1251 quorum
3387 1182 3476 1237 illa

1815 1288 1823 1295 ·
1892 1276 2088 1323 auctor
2113 1278 2219 1331 est,
2258 1269 2521 1322 eximant.

1962 1361 2051 1415 26.
2084 1358 2339 1414 Omnium
2371 1361 2648 1414 bonorum
2692 1362 2817 1415 linis
2849 1372 2932 1414 est
2975 1361 3244 1427 charitas,
3266 1370 3330 1419 ut
3356 1379 3478 1440 quae.

1895 1450 1950 1503 in
1981 1449 2099 1518 ipsa
2128 1450 2476 1503 ambulantes
2497 1449 2563 1502 ad
2593 1450 2761 1503 Deum
2791 1466 3106 1518 supremum
3131 1451 3342 1509 bonum
3362 1470 3450 1509 om

1891 1541 2085 1608 nisque
2132 1540 2261 1595 boni
2296 1550 2601 1605 auctorem,
2653 1552 2912 1610 tauquam
2951 1542 3076 1608 ﬁda,
3120 1552 3177 1598 et
3208 1560 3330 1614 quae
3364 1561 3478 1601 non

1889 1632 2105 1685 excidat
2168 1642 2529 1701 maneatque,
2599 1632 2800 1697 ducat,
2855 1635 3177 1701 admoveat,
3233 1637 3477 1707 colligat.

1891 1720 2052 1774 Fides
2081 1721 2251 1783 enim,
2282 1722 2628 1790 sequentium
2658 1722 3074 1777 fundamentum
3102 1735 3188 1780 est
3213 1727 3348 1796 (spei
3374 1728 3479 1782 sci-

1890 1812 2019 1866 licet
2047 1822 2104 1866 et
2134 1812 2442 1881 eharitatis)
2470 1829 2591 1883 qum
2632 1816 2921 1871 veritatem
2972 1814 3207 1872 ﬁrmiter
3249 1827 3473 1874 statuat.

194 1915 263 1965 τὸ
294 1913 499 1982 ἀληθὲς
538 1912 853 1980 ὑφεστῶσα.
886 1913 948 1964 Ἥ
983 1912 1038 1965 δὲ
1072 1910 1252 1973 ἐλπὶς,
1276 1910 1387 1963 τῶν
1417 1910 1605 1980 ἄκρων
1632 1909 1783 1976 ἐστὶν

1889 1904 2048 1973 Spes,
2083 1915 2456 1961 extremorum
2509 1907 2833 1977 (cbaritatis.
2862 1924 2926 1962 ac
2977 1909 3126 1981 ﬁdei)
3164 1912 3342 1967 robur
3386 1922 3479 1970 est

200 2005 382 2074 ἰσχὺς,
431 2005 654 2073 ἀγάπης
690 2004 832 2072 λέγω
877 2004 972 2057 καὶ
1006 2001 1266 2064 πίστεως,
1294 2001 1356 2054 τὸ
1396 2001 1588 2055 πιστόν
1628 2018 1686 2053 τε
1715 2000 1780 2052 δι’

197 2097 409 2166 ἑαυτῆς
440 2098 534 2149 καὶ
582 2096 643 2148 τὸ
698 2095 930 2166 ἐραστὺν
986 2096 1193 2165 ἀμφοῖν
1249 2094 1648 2161 ὑποφαίνουσα,
1686 2092 1782 2145 καὶ

195 2190 340 2260 πρὸς
360 2190 495 2242 αὐτὸ
526 2189 618 2240 τὸν
642 2188 847 2258 δρόμον
875 2187 943 2240 δι’
974 2188 1174 2258 ἑαυτῆς
1197 2188 1472 2242 ποιεῖσθαι
1498 2187 1783 2241 διδάσκουο

196 2297 295 2334 κα.
334 2280 398 2331 Ἦ
454 2279 513 2332 δὲ
576 2279 789 2349 ἀγάπη,
838 2278 1047 2331 τούτων
1100 2281 1216 2332 ἐστὶ
1271 2280 1687 2351 συμπλήρωσις,
1722 2279 1783 2332 τὸ

195 2368 431 2439 ἔσχατον
464 2368 688 2439 ὀρεκτὸν
711 2369 834 2422 ὅλον
861 2370 955 2439 ὅλη
986 2388 1051 2422 πε
1064 2372 1499 2440 ριπτυσσομένη,
1528 2372 1624 2424 καὶ
1655 2371 1784 2425 ταύ-

193 2476 323 2524 ταις
344 2462 445 2529 τῆς
469 2462 559 2516 ἐπ’
580 2461 715 2515 αὐτὸ
758 2463 1026 2532 κινήσεως
1061 2464 1251 2515 στάσιν
1281 2464 1653 2534 παρεχομένη,
1686 2464 1780 2518 τοῦ

198 2551 484 2604 πιστεύειν
529 2548 695 2613 εἶναι,
749 2553 846 2605 καὶ
874 2553 1121 2614 ἐλπίζειν
1168 2553 1529 2622 παρέσεσθαι,
1560 2556 1620 2607 τὸ
1648 2560 1782 2611 ἀπο-

196 2643 391 2697 λαύειν
418 2645 685 2714 παρόντος
715 2645 781 2697 δι’
807 2645 1008 2714 ἑαυτῆς
1040 2647 1461 2714 ἀντεισάγουσα.

272 2734 379 2800 κζ’.
413 2736 615 2805 Ἔργον
644 2736 743 2806 τῆς
767 2737 990 2806 ἀγάπης
1010 2738 1371 2799 τελειότατον,
1406 2738 1501 2791 καὶ
1533 2737 1633 2806 τῆς
1660 2738 1782 2790 κατ’

198 2828 378 2898 αὐτὴν
415 2827 697 2898 ἐνεργείας
727 2828 921 2898 πέρας,
945 2830 1012 2882 δι’
1036 2831 1355 2894 ἀντιδέσεως
1386 2831 1646 2901 σχετικῆς
1674 2829 1782 2881 τῶν

199 2921 326 2974 κατ’
351 2920 522 2989 αὐτὴν
544 2920 929 2989 συνημμένων,
954 2921 1207 2991 ἀλλήλοις
1233 2922 1413 2992 ὲμπρέ
1424 2922 1623 2974 πειντά
1646 2920 1783 2973 ἰδιώ-

204 3012 502 3080 ματα,καὶ
557 3010 657 3073 τάς
691 3011 917 3081 κλήσεις
972 3012 1450 3082 παρασκευάζειν·
1512 3014 1604 3065 καὶ
1659 3013 1781 3065 θεὸν

202 3103 308 3173 μὲν
328 3102 421 3155 τὸν
437 3102 724 3172 ἄνθρωπον
744 3105 943 3164 ποιεῖν,
970 3102 1257 3175 ἄνθρωπον
1282 3104 1338 3158 δὲ
1370 3104 1463 3156 τὸν
1492 3104 1624 3157 Θεὸν
1649 3122 1781 3181 χρη-

205 3192 460 3263 ματίζειν
495 3193 591 3245 καὶ
620 3190 930 3259 φαίνεσθαι.
954 3191 1044 3244 διά
1070 3193 1169 3260 τὴν
1216 3193 1345 3262 μίαν
1392 3194 1487 3246 καὶ
1528 3193 1778 3263 ἀπαράλ-

199 3284 399 3337 λακτον
427 3282 757 3353 ἀμφοτέρων
798 3282 941 3337 κατά
973 3282 1034 3336 τὸ
1067 3282 1281 3354 θέλημα
1323 3283 1578 3354 βούλησίν
1616 3282 1675 3355 (i)
1724 3302 1783 3336 τε
1812 3263 1853 3319 C

200 3372 301 3426 καὶ
334 3372 568 3442 κίνησιν.

273 3470 382 3532 κη’.
413 3465 475 3516 Et
504 3464 623 3516 κατ’
654 3464 837 3517 εἰκόνα
864 3463 1002 3518 Θεοῦ
1028 3464 1245 3525 πάντως
1268 3465 1450 3534 ἡμεῖς,
1488 3463 1780 3534 γενώμεθα

201 3556 414 3609 ἑαυτῶν
452 3558 544 3609 καὶ
575 3557 669 3609 τοῦ
717 3555 854 3611 Θεοῦ
876 3573 889 3586 ·
953 3557 1156 3627 μᾶλλον
1205 3557 1284 3622 δὲ,
1320 3558 1482 3626 μόνον
1533 3560 1627 3611 καὶ
1655 3558 1778 3612 ὅλου

200 3648 363 3709 Θεοῐ,
394 3650 487 3701 καὶ
534 3649 685 3726 ὅλοι,
707 3648 876 3718 μηδὲν
909 3649 1154 3717 ἐπίγειον
1205 3650 1261 3700 ὲν
1291 3650 1423 3718 ἡμῖν
1452 3650 1635 3712 αὐτοῖς
1680 3650 1777 3716 φέ-

204 3756 413 3809 ροντες,
446 3739 535 3791 ἵνα
570 3739 691 3809 Θεῷ
743 3739 1158 3810 πλησιάσωμεν,
1195 3740 1289 3792 καὶ
1325 3739 1436 3793 θεοὶ
1469 3739 1779 3809 γενώμεθα,

201 3832 269 3883 ὲκ
296 3830 436 3885 Θεοῦ
468 3832 531 3884 τὸ
560 3832 673 3884 θεοὶ
724 3828 864 3886 εἶναι
909 3832 1188 3895 λαϐόντες.
1231 3832 1387 3886 οὕτω
1416 3831 1526 3903 γὰρ
1553 3834 1781 3901 τιμᾶται

202 3921 273 3975 τὰ
302 3921 419 3974 θεῖα
443 3922 764 3994 δωρήματα,
788 3924 886 3978 καὶ
917 3925 952 3994 ἠ
975 3926 1074 3995 τῆς
1104 3923 1255 3987 θείας
1274 3925 1498 3995 εἰρήνης
1521 3925 1778 3994 φιλοφρο-

200 4014 375 4065 νεῖται
408 4014 699 4084 παρουσία.

276 4194 382 4249 κθ’.
409 4195 570 4263 Μέγα
600 4195 807 4264 ἀγαθὸν
859 4196 893 4265 ή
928 4196 1139 4265 ἀγάπη,
1195 4194 1289 4247 καὶ
1318 4194 1426 4247 τῶν
1460 4194 1681 4263 ἀγαθῶν
1715 4196 1776 4248 τὸ

200 4285 423 4355 πρῶτον
449 4286 546 4338 καὶ
576 4285 853 4357 ἐξαίρετον
882 4286 1107 4355 ἀγαθὸν,
1147 4285 1222 4349 ὼς
1250 4285 1383 4338 Θεὸν
1414 4285 1507 4338 καὶ
1564 4284 1774 4354 ἀνθρώ-

275 4440 322 4471 “
351 4439 512 4492 Rom.
542 4455 658 4503 vni,
700 4440 785 4493 i7.

1890 2008 2055 2065 atque
2103 1996 2367 2062 ﬁrmitas;
2402 2013 2523 2067 qua:
2566 1999 2682 2068 ipsa
2734 2000 2953 2069 utrique
3000 2003 3080 2055 rei
3124 2000 3288 2057 ﬁdem
3316 2020 3471 2059 amo?

1883 2103 2118 2157 remque
2164 2089 2446 2153 ostendat,
2492 2105 2826 2160 cursumque
2882 2091 2936 2145 in
2990 2107 3110 2146 eam
3161 2109 3261 2152 sua
3306 2111 3478 2164 opera.

1890 2180 2333 2236 contendendum
2381 2181 2594 2237 doceat.
2647 2182 2900 2239 Charitas
2944 2200 3098 2251 vero,
3145 2187 3340 2241 harum
3388 2198 3475 2242 est

1890 2273 2351 2342 complementum
2376 2313 2392 2337 ,
2444 2282 2618 2328 totum
2654 2282 2766 2328 tota
2818 2290 3137 2344 supremum
3175 2278 3475 2347 appetibile

1888 2366 2280 2435 complectens,
2318 2366 2558 2435 ipsisque
2590 2383 2619 2419 a
2656 2377 2807 2421 motu
2858 2368 2912 2421 in
2958 2369 3090 2423 illud
3135 2370 3374 2440 quietem
3408 2387 3475 2427 ac

1889 2458 2249 2512 cessationem
2287 2460 2567 2527 prmbens;
2608 2461 2730 2530 ejus
2773 2460 2895 2514 loco
2929 2476 2994 2518 ac
3034 2463 3323 2519 credamus
3351 2480 3476 2521 esse

1887 2551 2247 2621 futurumque
2293 2568 2599 2622 speremus,
2630 2562 2690 2609 ut
2732 2569 2829 2622 per
2855 2569 2976 2608 eam
3020 2564 3291 2625 prasente
3322 2556 3477 2612 frua-

1890 2660 2015 2698 mur
2048 2659 2113 2698 ae
2141 2645 2544 2713 possideamus,
2581 2645 2866 2701 inducens.

1958 2736 2046 2788 27.
2077 2735 2379 2789 Charitatis
2428 2735 2889 2804 perfectissimum
2930 2751 3069 2805 opus
3097 2745 3201 2799 est,
3245 2737 3478 2808 ejusque

1889 2827 2225 2896 operationis
2253 2827 2395 2891 ﬁnis,
2425 2836 2486 2881 ut
2511 2843 2608 2898 per
2632 2844 2775 2893 eam,
2804 2829 3083 2898 reciproca
3114 2830 3346 2899 quadam
3378 2830 3478 2884 ha-

1888 2919 2157 2974 bitudinis
2212 2920 2609 2984 attributione,
2660 2935 2850 2975 eorum
2905 2921 2999 2995 qui
3051 2920 3142 2979 illa
3192 2920 3476 2991 coniuncti

1887 3021 2035 3073 sunt,
2060 3013 2180 3066 alim
2205 3012 2330 3066 aliis
2353 3013 2722 3079 proprietates
2743 3012 3073 3081 nominaque
3096 3013 3428 3067 conveniant
3453 3030 3468 3066 :

1888 3112 1950 3158 nt
2000 3113 2055 3158 et
2099 3104 2376 3158 hominem
2405 3104 2591 3168 deum,
2624 3104 2906 3173 Deumque
2953 3103 3231 3158 hominem
3277 3104 3470 3164 audire

1888 3210 1952 3249 ac
1982 3195 2155 3249 videri
2209 3196 2392 3256 faciat,
2438 3196 2508 3248 ob
2554 3195 2803 3249 eamdem
2853 3195 3102 3264 nihilque
3148 3194 3468 3251 dissimilem

1887 3286 2171 3341 amborum
2203 3286 2543 3339 voluntatem
2572 3301 2637 3340 ac
2668 3284 3084 3354 appetitionem.

1953 3464 2041 3519 28.
2078 3463 2358 3534 Siquidem
2403 3462 2627 3517 omnino
2657 3461 2723 3515 ad
2772 3461 2867 3517 Dei
2917 3475 3108 3516 sumus
3151 3460 3470 3532 imaginem,

1882 3557 2059 3612 nostri
2109 3556 2352 3625 ipsorum
2389 3554 2596 3622 Deique
2641 3552 2974 3617 cﬁiciamur;
3020 3552 3130 3606 imo
3159 3554 3343 3623 potius
3368 3554 3468 3613 toti

1876 3648 1944 3701 ad
1972 3663 2142 3702 unum
2176 3656 2458 3715 totumque
2491 3647 2686 3709 Deum,
2717 3645 2855 3701 nihil
2887 3646 2987 3714 ipsi
3021 3646 3076 3700 in
3104 3647 3266 3707 nobis
3290 3657 3464 3705 terre-

1876 3755 2008 3795 num
2059 3739 2351 3803 ferentes,‘
2383 3747 2723 3812 spectemus,
2768 3746 2829 3791 ut
2875 3738 2985 3792 Deo
3032 3738 3474 3808 prepinquemus

1878 3829 2066 3903 diique
2112 3830 2339 3893 ﬁamus;
2393 3828 2488 3882 Dei
2540 3828 2645 3881 hoc
2687 3842 2916 3882 munere
2946 3828 3259 3891 consecuti,
3292 3838 3354 3883 ut
3390 3828 3462 3882 dii

1883 3920 2229 3977 exsistamus.
2267 3918 2359 3973 Sic
2380 3918 2526 3972 enim
2556 3917 2757 3973 divinis
2788 3916 2950 3971 donis
2992 3917 3227 3973 habetur
3266 3918 3467 3984 honor,

1886 4012 2195 4081 divinaeque
2240 4013 2391 4082 pacis
2435 4010 2725 4081 praesentia
2775 4018 3056 4079 gratanter
3079 4010 3354 4080 excipitur
3381 4018 3467 4065 at-

1880 4120 1986 4174 que
2018 4103 2302 4173 probatur.

1947 4195 2037 4248 9.9.
2072 4195 2267 4262 Ingens
2300 4193 2542 4248 charitas
2590 4192 2825 4257 bonum,
2857 4195 3107 4263 interque
3156 4194 3300 4248 bona
3347 4194 3466 4263 pri-

1879 4302 2026 4339 mum
2057 4300 2121 4338 ac
2155 4285 2451 4349 eximium;
2482 4299 2603 4353 quae
2638 4284 2753 4353 ipsa
2790 4284 2964 4341 Deum
2989 4293 3047 4340 et
3082 4285 3336 4345 homines
3368 4299 3471 4359 per

273 4572 351 4643 (lt)
389 4572 493 4626 Καὶ
529 4571 918 4643 ἀδιάπτωτος.
948 4572 1113 4643 Quasi
1145 4571 1286 4643 Aipsa
1321 4572 1375 4625 in
1423 4587 1481 4643 se
1513 4580 1772 4643 constans

1886 4572 2299 4643 inapalmxup,
2350 4572 2540 4643 ὁμοίῳ,
2581 4571 2730 4643 παρὰ
2776 4572 2940 4640 μηδὲν
3002 4570 3455 4643 παραλλάσσοντε.

198 4652 258 4697 ct
284 4642 461 4696 ﬁrma.
488 4651 545 4696 et
567 4642 713 4712 quod
743 4642 820 4696 ait
860 4644 1048 4711 Apost.
1068 4642 1109 4695 l.
1132 4640 1257 4696 (ἰόν.
1289 4658 1402 4705 xm,
1431 4642 1463 4693 8
1486 4644 1552 4711 εή
1586 4642 1771 4710 ἀγάπη

198 4712 456 4764 οὐδέποτε
478 4714 750 4767 ἐκπίπτει.
771 4713 1018 4765 Charitas
1043 4728 1313 4781 nunquam
1340 4712 1527 4765 excidit
1564 4731 1575 4764 :
1601 4729 1662 4764 ea
1697 4713 1780 4763 ni-

200 4783 405 4836 mirum
437 4782 668 4845 ratione,
701 4797 807 4851 qua
832 4782 1168 4850 reliquarum
1197 4782 1465 4835 virtutum
1513 4782 1783 4849 theologi-

199 4867 392 4906 earum
447 4853 908 4920 complementum
962 4860 1081 4912 est;
1157 4851 1219 4903 τὸ
1282 4852 1505 4920 ἔσχατον
1555 4852 1781 4919 ὀρεκτὸν

200 4922 324 4975 ὅλον
373 4920 470 4990 ὅλη
519 4922 1021 4991 περιπτυσσομένη,
1074 4928 1240 4974 totum
1290 4931 1397 4974 tota
1436 4920 1782 4991 complectens

200 5006 511 5061 supremum
556 4990 870 5061 appetibile,
904 4992 1130 5061 eiusque
1168 4991 1454 5060 praasentis
1500 4990 1778 5052 fruitione,

204 5009 265 5044 su
308 5008 511 5044 remum
556 5008 870 5061 appenoue,
904 5008 1130 5061 eiusque
1168 5008 1454 5060 praesentis
1500 5008 1778 5052 iruuione,

204 5008 335 5115 otiis
387 5075 451 5115 ac
477 5061 593 5131 spei
636 5062 691 5115 in
735 5061 912 5130 ipsum
956 5070 1137 5114 motus
1164 5062 1355 5131 quiete
1396 5061 1616 5115 sistens.
1648 5061 1780 5125 Qua:

201 5132 287 5186 sic
327 5131 475 5201 clara
506 5147 570 5185 ac
604 5131 930 5201 theologica,
985 5132 1110 5199 quis
1151 5130 1291 5185 ferat
1342 5132 1415 5184 ita
1459 5132 1587 5184 Pico
1623 5131 1776 5183 nullo

202 5215 368 5256 sensu
391 5200 625 5266 reddita,
642 5202 772 5265 ρω
802 5200 916 5271 post
938 5202 1117 5255 omnia
1149 5217 1365 5271 prorsus
1391 5201 1682 5271 expetenda
1708 5210 1783 5256 est

201 5282 253 5325 et
277 5281 387 5324 tota
413 5271 679 5324 induenda
702 5272 728 5324 .9

278 5341 341 5409 (i)
376 5341 476 5393 Διά
497 5340 771 5409 τὴνμιάν
794 5340 894 5397 καί
908 5339 1780 5408 ἀπαράλλακτον...βούλησιν.

201 5409 371 5480 Picus
386 5410 533 5479 quod
558 5426 678 5465 eam
699 5426 889 5466 vocem
907 5411 1341 5480 ἀπαράλλακτον,
1364 5411 1780 5474 immutabilem,

202 5479 421 5551 redditi;
452 5482 747 5551 statimque
776 5489 900 5551 post
922 5496 972 5535 c.
994 5479 1085 5543 99,
1112 5481 1165 5533 in
1185 5481 1294 5533 illis
1321 5481 1525 5542 verbis,
1554 5482 1661 5551 τὴν
1688 5482 1783 5551 τοῦ

204 5549 339 5621 ﬁsco
339 5550 499 5621 μένου
512 5551 645 5621 πρὸς
659 5549 749 5621 τὸν
763 5549 894 5603 Θεὸν
915 5553 1050 5603 κατά
1063 5550 1122 5601 τὸ
1139 5551 1339 5617 ἀγαθὸν
1355 5552 1467 5603 ἀπα
1475 5550 1782 5618 ραλλαξίαν,

203 5618 450 5687 Deiﬁcati
487 5638 521 5673 α
558 5618 666 5675 Deo
702 5620 1070 5691 impossibilem
1113 5622 1531 5743 seﬁarationem;
1562 5621 1720 5691 longe
1753 5637 1782 5674 a

204 5704 361 5743 vero.
395 5698 503 5743 est.
558 5706 799 5743 sanaoue
832 5690 1100 5743 doctrina.
1213 5690 1469 5743 trobiouc
1518 5691 1665 5743 enim
1724 5692 1781 5743 τὸ

204 5704 361 5760 vero,
395 5698 503 5760 est,
558 5690 799 5760 sanaqne
832 5690 1100 5760 doctrina.
1162 5690 1469 5758 Utrobiquc
1518 5690 1673 5743 enim
1724 5692 1781 5744 τὸ

201 5759 625 5830 ἀπαράλλακτον
671 5759 727 5815 et
790 5759 1206 5829 ἀπαραλλαξία,
1256 5770 1445 5814 exacta
1480 5760 1779 5814 similitudo

203 5829 486 5894 cst,nulla
506 5830 663 5901 quasi
695 5830 1005 5886 differentia
1029 5840 1086 5884 et
1126 5830 1464 5885 evariatione
1500 5848 1517 5882 ι
1543 5830 1775 5901 llcsyeh.

1882 4641 2036 4707 Quod
2106 4643 2337 4696 reddere
2399 4641 2629 4694 voluerit
2696 4642 2908 4697 Philox.
2979 4652 3035 4696 ct
3080 4651 3239 4696 vetus
3282 4642 3460 4696 Glass.

1886 4714 2075 4781 Steph.
2124 4729 2247 4765 eum
2282 4712 2621 4765 indiscretum
2657 4722 2943 4781 exponunt
3013 4711 3175 4781 (ἶνας.
3213 4712 3266 4765 in
3316 4712 3459 4765 diem

1883 4784 2087 4836 Christi
2129 4783 2305 4836 Natal.
2355 4785 2387 4849 ή
2426 4781 2842 4849 ἀταράλλακτος
2878 4782 3042 4834 εἰκών
3079 4799 3090 4809 ·
3152 4781 3336 4849 Imago
3372 4798 3464 4846 per

1883 4855 2059 4906 omnia
2089 4854 2296 4906 similis.
2331 4852 2589 4919 Nihilque
2623 4852 2888 4921 theologis
2917 4852 3186 4913 crebrius,
3220 4867 3283 4904 ea
3315 4852 3463 4903 vatis

1886 4923 2029 4976 illius
2055 4923 2389 4991 acceptione,
2412 4923 2494 4991 vel
2526 4921 2578 4973 in
2614 4922 2816 4974 divinis
2852 4923 3121 4991 personis,
3160 4922 3239 4972 vel
3265 4922 3317 4981 in
3344 4922 3463 4988 qui—

1884 4992 1987 5045 bus
2018 4990 2253 5061 pericula
2287 4990 2587 5046 secundum
2627 4990 2946 5052 bonitatem,
2998 5001 3199 5060 quanta
3250 4991 3456 5043 homini

1887 5077 2165 5122 concessa,
2216 5076 2339 5115 cum
2375 5062 2484 5115 Deo
2535 5062 2837 5115 similitudo
2876 5071 2959 5115 est
2994 5078 3089 5130 per
3137 5061 3460 5114 charitatem

1888 5147 2009 5199 qua:
2034 5141 2213 5185 tamen
2253 5146 2355 5186 nec
2399 5140 2599 5185 statum
2626 5132 3044 5193 immutabilem,
3078 5147 3180 5185 nee
3214 5131 3463 5199 impossi-

1887 5202 2051 5255 bilem
2086 5218 2115 5255 a
2140 5202 2253 5256 Deo
2296 5201 2698 5270 separationem
2727 5202 2877 5263 facit,
2921 5213 3071 5259 extra
3118 5203 3290 5271 ipsam
3328 5218 3462 5256 con—

1885 5271 2304 5326 summationem
2334 5280 2389 5325 et
2420 5271 2513 5325 Dei
2536 5272 2824 5335 visionem,
2856 5273 2923 5326 de
2947 5288 3052 5340 qua
3082 5272 3347 5325 Maximus
3373 5271 3468 5328 hic

1885 5358 1993 5396 non
2026 5344 2175 5413 agit._
2204 5341 2475 5413 Fraudem
2501 5341 2692 5396 fecerit
2717 5412 2721 5413 ν
2742 5342 2870 5397 Pico
2903 5342 3092 5411 Steph.
3122 5342 3174 5394 in
3208 5341 3475 5413 Thesauri.

1886 5411 2088 5476 indice,
2126 5411 2217 5465 ubi
2250 5413 2406 5466 nullo
2449 5422 2675 5466 auctore
2707 5412 2913 5481 (nescio
2938 5428 3006 5466 an
3038 5428 3106 5465 ex
3136 5412 3309 5465 veteri
3355 5413 3459 5465 ali-

1886 5499 1995 5553 quo
2026 5483 2311 5553 glossario,
2340 5483 2427 5537 vel
2457 5498 2525 5536 ex
2554 5498 2654 5537 suo
2692 5483 2891 5552 capite)
2915 5482 3316 5552 ἀπαραλλαξία*
3342 5481 3466 5535 Non

1886 5552 2101 5616 mutari,
2144 5569 2235 5605 seu
2285 5552 2712 5616 immutabilitas,
2745 5555 3074 5617 constantia;
3129 5567 3251 5605 cum
3277 5561 3464 5617 tamen

1887 5623 2053 5686 idem,
2083 5631 2121 5692 ι.
2155 5622 2196 5686 l,
2234 5623 2374 5678 bene
2398 5632 2662 5692 exponat;
2686 5633 2985 5692 arguatqne
3020 5622 3233 5676 Bilibal.
3266 5622 3319 5675 in
3339 5622 3425 5688 lor.
3447 5643 3460 5670 ι

1885 5694 2047 5763 allato
2067 5690 2227 5763 Greg.
2252 5693 2405 5762 quasi
2436 5690 2721 5763 perperam
2747 5690 3066 5757 reddiderit,
3099 5695 3459 5745 incommuta.

1885 5762 2002 5817 bilis
2030 5762 2345 5817 similitudo.
