4192 6436
719 419 851 486 1191

1907 410 1973 471 s.
2014 410 2305 473 MAXIMt
2346 382 2859 471 CONFESSORIS

3863 407 3999 474 1192

716 548 775 587 se
800 530 1043 600 copulet,
1075 527 1224 583 circa
1249 538 1399 588 eum,
1431 521 1527 592 qui
1562 520 1654 575 illa
1681 517 1949 589 praeditus
1970 528 2088 583 est;
2116 518 2309 573 faciat-

2428 534 2548 580 [τους
2584 517 2651 570 δι’
2683 519 2884 588 ἑαυτῆς
2928 519 3055 590 περὶ
3081 518 3172 571 τὸν
3202 518 3373 590 αὐτὴν
3395 518 3589 590 ἔχοντα
3620 512 4000 575 συνάπτουσα.

716 638 846 691 que,
880 631 939 675 ut
968 620 1063 691 qui
1106 617 1391 673 hominum
1424 629 1599 685 genus
1630 611 1897 673 condidit,
1932 623 1995 666 ut
2022 611 2187 665 homo
2215 626 2311 679 ap-

720 723 929 785 pareat,
978 714 1049 767 oh
1077 727 1346 767 summam
1381 711 1504 780 ejus
1535 709 1628 779 qui
1664 709 1867 763 deitate
1913 706 2153 760 donatur
2185 720 2312 759 cum

719 806 853 867 Deo,
895 803 1108 857 ratione
1147 800 1298 865 boni,
1339 799 1521 870 quoad
1572 799 1781 853 homini
1827 810 2151 851 concessum
2192 803 2311 857 est,

720 895 1175 959 similitudinem;
1224 909 1391 963 quam
1433 900 1697 962 praestare
1726 888 2003 950 existimo,
2036 887 2141 941 hoc
2164 887 2313 956 quod

718 999 823 1055 est,
846 990 1082 1060 Diligere
1110 990 1405 1044 Dominum
1430 988 1601 1042 Deum
1626 1002 1693 1040 ex
1726 993 1841 1039 toto
1866 984 2033 1039 corde
2054 994 2111 1038 et
2131 982 2313 1036 anima

718 1091 776 1139 et
802 1083 1046 1148 virtute;
1077 1089 1135 1136 et
1162 1082 1471 1151 proximum
1508 1079 1653 1131 sicut
1686 1078 1928 1146 scipsum
1963 1077 2027 1128 ".

794 1173 885 1226 50.
943 1172 1359 1228 Observandum
1404 1169 1707 1232 diabolum,
1735 1169 1864 1223 dolo
1890 1178 2069 1223 astute
2092 1183 2318 1237 compo-

2414 610 2508 662 καὶ
2533 610 2609 671 ὡς
2646 609 2935 675 ἄνθρωπον
2964 612 3058 663 τὸν
3085 611 3319 681 ποιητὴν
3348 610 3457 664 τῶν
3488 610 3800 681 ἀνθρώπων
3833 615 4000 684 φανῆ-

2414 717 2503 752 ναι
2534 700 3056 767 παρασκευάζουσα,
3110 699 3200 752 διὰ
3242 700 3342 770 τὴν
3378 700 3475 754 τοῦ
3526 701 3830 770 θεουμένου
3871 705 4004 773 πρὸς

2414 791 2507 843 τὸν
2539 789 2674 841 Θεὸν
2732 791 2876 844 κατά
2928 791 2990 844 τὸ
3038 791 3242 859 ἀγαθὸν
3290 792 3366 855 ὡς
3418 794 3641 861 ἐφικτὸν
3703 794 4001 866 ἀνθρώπῳ,

2415 881 2835 954 ἀπαραλλαξίαν
2861 900 2873 914 ·
2908 884 2975 955 ἢν
3006 885 3257 953 ἐνεργεῖν
3302 884 3675 956 ὑπολαμϐάνω
3715 888 3803 951 τὺ,
3844 888 4006 955 ’Δγαο

2418 979 2589 1047 πῆσαι
2620 974 2827 1045 Κύριον
2852 976 2945 1031 τὸν
2976 977 3112 1035 Θείαν
3145 977 3205 1043 ἐξ
3249 976 3379 1046 ὅλης
3408 977 3663 1049 καρδίας,
3689 978 3792 1034 καὶ
3825 978 4003 1050 ψυχῆς

2416 1070 2510 1122 καὶ
2535 1067 2816 1138 δυνάμεως
2842 1084 2855 1096 ·
2887 1069 2985 1122 καὶ
3007 1069 3097 1122 τὸν
3132 1068 3363 1139 πλησεον
3396 1068 3471 1131 ὡς
3501 1070 3719 1123 ἑαυτόν.

2487 1160 2552 1213 λ’.
2598 1160 2817 1221 ‘lstéov,
2852 1160 2929 1224 ὡς
2979 1161 3117 1232 δόλῳ
3172 1161 3504 1232 κακούργως
3554 1162 4008 1234 μεμηχανημένῳ

724 1264 855 1329 site,
892 1281 993 1334 per
1024 1264 1309 1333 φιλαυτίαν
1344 1263 1571 1332 (aecum
1598 1261 1813 1315 scilicet
1834 1276 1900 1315 ac
1923 1260 2198 1313 carnalem
2229 1259 2316 1313 sui

2428 1248 2506 1303 5ιὰ
2552 1252 2859 1321 φιλαυτίας,
2912 1253 3036 1304 καθ’
3091 1254 3289 1324 ἡδονῆς
3348 1254 3661 1326 προσϐολὴν
3712 1256 4008 1325 ἀπατήσας

724 1357 993 1425 amorem)
1041 1355 1341 1426 voluptatis
1372 1355 1595 1425 objeetu
1650 1352 1969 1408 seducendo
2001 1351 2314 1417 hominem,

726 1449 906 1519 ipsum
942 1446 1106 1517 518
1137 1463 1168 1501 a
1197 1447 1334 1510 Deo,
1364 1446 1611 1514 aliosque
1640 1445 1710 1498 ab
1753 1444 1899 1507 aliis,
1946 1444 2320 1514 pugnantibus

726 1540 925 1594 animis
948 1555 1013 1593 ac
1041 1538 1335 1594 sententiis
1365 1536 1732 1607 disjunxissc;
1764 1550 2024 1604 perversa
2053 1534 2317 1588 nimirum

728 1631 1086 1695 rectitudine,
1131 1631 1299 1698 inque
1346 1630 1496 1682 hunc
1533 1627 1755 1681 modum
1784 1625 1962 1680 divisa
2002 1634 2224 1689 natura,
2253 1640 2320 1681 ac

731 1722 787 1775 in
820 1722 1018 1775 multas
1042 1720 1330 1789 opiniones
1356 1717 1677 1787 judiciaquc
1700 1714 1891 1770 scissa.

801 1812 887 1864 5t.
924 1810 1053 1863 Tria
1085 1816 1215 1862 sunt
1263 1807 1501 1860 maxima
1542 1814 1599 1859 et
1634 1804 1965 1875 primigenia
1993 1803 2167 1870 vitia;
2196 1816 2317 1856 om-

2416 1345 2567 1414 ὴμᾶς
2604 1347 2632 1397 ὁ
2688 1344 2957 1409 διάϐολος,
2988 1344 3127 1397 Θεοῦ
3170 1347 3270 1398 καὶ
3299 1344 3546 1414 ἀλλήλων
3599 1345 3751 1398 κατά
3781 1345 4009 1416 γνώμην

2417 1436 2690 1505 διέστησε,
2728 1438 2790 1490 τὸ
2819 1437 2975 1500 εὑθὲς
3004 1435 3358 1507 διαστρέψας,
3391 1435 3487 1489 καὶ
3530 1434 3631 1505 τὴν
3659 1434 3834 1503 φύσιν
3873 1439 4014 1491 κατά

2417 1530 2510 1583 τὸν
2540 1530 2747 1601 τρόπον
2783 1530 2973 1584 τοῦτον
3008 1530 3260 1601 μερίσας,
3297 1531 3392 1583 καὶ
3418 1528 3755 1597 κατατεμὼν
3778 1532 3865 1593 εἰς
3897 1532 4015 1584 πολ-

2420 1622 2520 1685 λὰς
2548 1622 2708 1688 δόξας
2741 1624 2837 1676 καὶ
2866 1624 3189 1693 φαντασίας.

2492 1809 2596 1862 λα’.
2629 1810 2773 1881 Τρία
2809 1810 2927 1864 ἐστὶ
2956 1811 3025 1864 τά
3052 1813 3289 1882 μέγιστα
3318 1814 3413 1866 καὶ
3437 1814 3755 1885 ἀρχέκακα,
3794 1815 3893 1867 καὶ
3921 1814 4018 1865 πά-

728 1903 945 1971 nisque,
978 1910 1037 1953 ut
1067 1900 1236 1954 semel
1264 1900 1466 1962 dicam,
1489 1898 1611 1952 vitii
1640 1898 1797 1968 origo
1819 1907 1875 1951 et
1897 1912 2095 1961 causa;
2122 1909 2321 1965 nempe

2428 1918 2549 1971 σης,
2569 1902 2757 1965 ἁπλῶς
2788 1906 2985 1967 εἰπεῖν,
3012 1904 3215 1967 κακίας
3246 1906 3545 1975 γεννητικά
3564 1921 3577 1934 ⁸
3609 1907 3838 1974 ἄγνοια,
3858 1907 4015 1974 φημὶ,

730 1993 1064 2065 ignorantia,
1085 1993 1343 2062 φιλαυτία
1363 1991 1673 2063 (improbus
1695 1990 1782 2044 sui
1804 2004 1869 2043 ac
1889 1988 2127 2043 carnalis
2148 1985 2322 2057 amor)

729 2095 789 2142 et
822 2086 1106 2157 tyrannis;
1135 2102 1165 2139 a
1195 2100 1254 2139 se
1299 2085 1562 2138 nimirum
1609 2090 1805 2137 mutuo
1831 2080 2155 2151 pendentia,
2186 2080 2324 2134 alia-

731 2193 839 2247 que
870 2178 993 2232 aliis
1027 2178 1134 2231 vim
1185 2191 1251 2230 ac
1295 2175 1729 2230 stabilimentum
1761 2174 2095 2245 praebentia.
2117 2168 2197 2229 Ex
2225 2174 2323 2229 Del

731 2271 877 2324 enim
906 2268 1240 2341 ignorantia,
1264 2278 1350 2324 est
1372 2269 1631 2337 φιλαυτία
1656 2269 1856 2340 (caecus
1876 2268 1968 2323 ille
1998 2267 2198 2339 amor),
2226 2283 2326 2322 ex-

732 2380 842 2434 que
863 2363 981 2427 illa,
1017 2362 1269 2433 tyrannis
1295 2362 1401 2433 (vis
1429 2362 1645 2417 scilicet
1679 2359 1890 2431 iniqua)
1916 2376 2045 2431 erga
2068 2375 2165 2415 eos
2187 2375 2327 2429 quos

734 2455 1023 2526 conjungit
1063 2453 1281 2524 generis
1308 2453 1556 2523 ejusdem
1603 2452 1977 2507 necessitudo.
2024 2452 2139 2507 Nec
2171 2452 2325 2521 quis-

733 2562 898 2616 quam
937 2554 1027 2600 eat
1061 2544 1296 2608 inﬁcias,
1340 2544 1477 2613 quin
1518 2544 1900 2614 nequissimus
1943 2559 2045 2612 per
2090 2544 2326 2598 abusum

736 2640 1082 2709 propriarum
1120 2638 1320 2691 virium
1364 2636 1623 2708 (rationis
1660 2636 1899 2701 scilicet,
1933 2636 2250 2706 cupiditatis
2272 2644 2329 2691 et

737 2733 852 2801 ira!)
888 2732 1004 2785 haec
1040 2730 1096 2784 in
1130 2729 1291 2784 nobis
1323 2730 1558 2784 suscitet
1587 2744 1653 2783 ac
1679 2727 1899 2783 elﬁciat.

806 2826 896 2879 52.
939 2824 1181 2893 Equum
1212 2840 1345 2878 sane
1386 2838 1452 2877 ac
1481 2839 1581 2893 par
1607 2831 1712 2886 est,
1760 2831 1823 2877 ut
1864 2836 1966 2892 pro
1995 2821 2325 2893 ignorantia,

734 2933 836 2989 per
859 2916 1146 2972 scientiam
1178 2915 1247 2969 ad
1276 2916 1449 2969 Deum
1488 2914 1923 2984 singularissime
1957 2929 2151 2979 unum,
2182 2930 2331 2984 qua:-

738 3008 911 3063 rendo
947 3023 1299 3073 moveamur;
1342 3006 1646 3077 cupiditate
1681 3021 1837 3069 vero,
1871 3006 2157 3073 φιλαυτεας
2200 3022 2329 3076 pra-

736 3101 903 3171 vique
932 3100 1138 3154 amoris
1163 3099 1289 3154 labe
1319 3114 1482 3169 pura,
1514 3098 1570 3152 in
1597 3098 1771 3152 Deum
1808 3098 1988 3152 solum
2024 3114 2211 3153 amore
2235 3098 2332 3153 de-

2426 1994 2522 2047 καὶ
2570 1994 2830 2062 φιλαυτία
2876 1998 2967 2049 καὶ
3022 1998 3306 2067 τυραννίς·
3367 1999 3614 2068 ἀλλήλων
3664 2000 4021 2069 ἐξηρτημένα

2426 2086 2524 2140 καὶ
2576 2088 2645 2140 δι’
2697 2088 2945 2158 ἀλλήλων
2998 2092 3388 2161 συνιστάμενα.
3431 2093 3526 2145 Ἐκ
3580 2093 3695 2164 γὰρ
3752 2094 3857 2162 τῆς
3894 2094 4020 2163 περὶ

2427 2176 2562 2230 Θεοῦ
2589 2178 2835 2245 ἀγνοίας,
2864 2182 2898 2249 ἡ
2924 2180 3184 2247 φιλαυτία
3207 2199 3219 2211 ·
3263 2184 3329 2235 ἐκ
3358 2182 3414 2234 δὲ
3448 2183 3679 2252 ταύτης,
3711 2185 3746 2253 ή
3785 2184 3926 2253 πρὸς
3966 2183 4023 2234 τὸ

2430 2270 2691 2338 συγγενὲς
2712 2272 2972 2342 τυραννίς
3010 2276 3148 2326 ἐστι.
3206 2275 3316 2327 Καὶ
3349 2276 3525 2338 οὐδεὶς
3556 2277 3791 2346 ἀντερεῖ
3845 2277 4022 2343 λόγος,

2432 2364 2505 2433 μὴ
2538 2363 2659 2433 οὑχὶ
2708 2363 2787 2433 τῷ
2819 2364 2961 2417 κατά
3016 2367 3369 2435 παράχργισιν
3400 2368 3588 2437 τρόπῳ
3637 2369 3755 2421 τῶν
3805 2370 4026 2421 οίκείων

2426 2454 2732 2523 δυνάμεων,
2757 2454 2918 2521 λόγου
2943 2474 3000 2507 τε
3030 2457 3125 2510 καὶ
3153 2457 3310 2509 ὲπιθυ
3321 2458 3448 2527 μίας
3472 2459 3568 2511 καὶ
3593 2459 3801 2530 θυμοῦ,
3822 2460 4025 2523 ταύτας

2428 2546 2488 2600 ἐν
2526 2546 2662 2617 ἡμῖν
2700 2544 2792 2600 τδν
2818 2548 3058 2620 πονηρὸν
3085 2548 3519 2620 ὑποστήσασθαι.

2501 2820 2604 2891 λβ.
2637 2824 2787 2885 Δέον,
2817 2821 2963 2891 λόγῳ
3014 2821 3135 2891 μὲν,
3182 2822 3307 2875 ἀντί
3344 2821 3447 2891 τῆς
3487 2821 3741 2891 ἀγνοίας,
3776 2822 3918 2896 πρὸς
3941 2822 4029 2876 τὸν

2430 2914 2566 2968 Θεὸν
2596 2913 2687 2967 διὰ
2734 2913 2990 2980 γνώσεως
3045 2914 3189 2966 κατά
3228 2911 3459 2984 ζήτησιν
3498 2913 3825 2985 μονώτατον
3866 2919 4028 2967 κινεῖ-

2432 3006 2559 3059 σθαι
2585 3023 2601 3037 ·
2632 3006 2702 3059 δι’
2731 3006 3033 3076 ἐπιθυμίας
3080 3006 3160 3069 δὲ,
3192 3006 3287 3059 τοῦ
3327 3006 3427 3075 τῆς
3475 3006 3773 3075 φιλαυτίας
3826 3008 4029 3069 πάθους

2431 3098 2703 3169 καθαρᾶς,
2728 3098 2873 3150 κατὰ
2919 3097 3087 3150 πόθον
3122 3098 3261 3169 πρὸς
3303 3099 3396 3151 τὸν
3443 3100 3578 3151 Θεὸν
3610 3101 3781 3167 μόνον
3811 3100 4029 3153 ἐλαύνε-

680 3252 683 3257 ,
738 3195 1055 3264 siderioque
1080 3208 1339 3264 agamur;
1372 3192 1456 3244 ira
1489 3190 1752 3260 denique,
1798 3190 1887 3244 cui
1934 3190 2085 3243 nulla
2118 3190 2203 3244 vis
2227 3189 2324 3243 ini-

2435 3190 2594 3244 σθαι·
2630 3191 2726 3243 καὶ
2749 3190 2831 3261 τῷ
2857 3190 3017 3261 θυμῷ
3042 3191 3362 3261 τυραννίδος
3409 3194 3843 3265 κεχωρισμένῳ,
3900 3196 4030 3265 πρὸς

738 3302 847 3357 qua
880 3300 1087 3348 comes,
1114 3284 1285 3338 Deum
1313 3280 1660 3337 solummodo
1693 3279 1911 3350 assequi
1944 3280 2322 3346 counitamur;

738 3391 906 3449 atque
939 3378 1102 3432 nobis
1131 3377 1334 3430 horum
1380 3375 1614 3443 prolem,
1658 3389 1722 3427 ac
1769 3373 1826 3427 in
1858 3373 2018 3443 cujus
2060 3372 2176 3426 haec
2207 3387 2329 3441 gra-

742 3470 873 3524 tiam
892 3468 1170 3537 (divinam
1202 3464 1415 3520 scilicet
1455 3479 1519 3517 ac
1563 3463 1780 3519 beatam
1827 3463 2173 3527 charitatem,
2205 3478 2329 3532 qua:

739 3569 798 3615 et
842 3560 955 3614 Deo
990 3558 1238 3628 ecpulet,
1271 3555 1551 3626 deumque
1578 3556 1760 3612 virum
1798 3554 2113 3625 religiosum
2141 3570 2205 3608 ac
2230 3554 2327 3610 Dei

740 3652 1011 3707 cultorem
1036 3649 1256 3717 elﬁciat)
1280 3648 1603 3703 conﬁemus.

810 3745 901 3799 55.
925 3744 1205 3807 Φιλαυτία,
1231 3742 1312 3796 uti
1352 3741 1561 3796 dictum
1595 3749 1701 3804 est,
1725 3740 1878 3795 velut
1895 3740 2157 3793 vitiorum
2176 3740 2329 3809 prin-

742 3835 866 3906 cipe
910 3843 1076 3904 atque
1121 3842 1348 3903 parente
1382 3833 1593 3895 evulsa,
1634 3832 1756 3901 ejus
1782 3832 2054 3886 universa:
2086 3831 2323 3898 soboles,

740 3941 918 3996 eaque
963 3924 1219 3995 sequiora
1267 3922 1516 3994 germina
1561 3922 1726 3977 simul
1772 3922 1933 3977 evelli
1984 3923 2182 3977 solent.
2231 3922 2328 3976 Illa

741 4032 980 4088 namque
1021 4017 1257 4080 sublata,
1289 4015 1504 4069 nullum
1534 4030 1764 4084 prorsus
1792 4015 2014 4069 malitia:
2038 4030 2211 4086 genus
2230 4024 2328 4070 aut

742 4108 1033 4175 vestigium
1060 4115 1241 4176 potest
1261 4104 1584 4159 consistere.

812 4198 901 4252 5‘.
939 4197 1179 4251 Tantum
1213 4195 1615 4265 nosmetipsos,
1656 4194 1860 4265 aliique
1906 4196 2046 4251 alios
2090 4198 2329 4269 comple-

742 4298 958 4346 ctamur
978 4304 1041 4343 ac
1058 4289 1304 4343 colamus
1325 4301 1509 4355 opera:
1526 4287 1766 4356 pretium
1789 4298 1898 4353 est,
1915 4299 2183 4358 quantum
2209 4291 2328 4361 ipse

743 4398 843 4452 per
872 4381 1112 4451 scipsum
1141 4378 1399 4433 Christus
1436 4378 1591 4448 prior
1613 4379 1876 4445 ostendit,
1908 4382 2002 4450 qui
2042 4397 2142 4451 pro
2169 4382 2329 4437 nobis

743 4472 885 4543 parti
919 4488 984 4527 ac
1014 4471 1153 4525 mori
1182 4485 1454 4541 propenso
1488 4468 1745 4539 dignatus
1769 4478 1874 4523 est.

2439 3281 2501 3333 τὸ
2538 3280 2678 3335 Θεοῦ
2709 3282 2873 3339 μόνου
2901 3284 3087 3352 τυχεῖν
3122 3282 3515 3350 ἀγωνίζεσθαι,
3545 3287 3640 3338 καὶ
3673 3286 3783 3355 τὴν
3815 3288 3884 3338 ἐκ
3916 3287 4029 3338 τού-

2434 3392 2545 3428 των
2602 3377 2700 3428 καὶ
2743 3376 2811 3428 δι’
2848 3376 2915 3446 ἣν
2963 3376 3136 3429 ταῦτα
3181 3376 3333 3429 θείαν
3364 3379 3458 3429 καὶ
3489 3381 3778 3449 μακαρίαν
3810 3380 4031 3448 ἀγάπην

2433 3466 2861 3540 δημιουργῆσαι,
2922 3468 3002 3537 τῷ
3049 3468 3170 3539 Θεῷ
3218 3470 3600 3524 συνάπτουσαν
3640 3488 3701 3525 τε
3754 3473 3862 3525 καὶ
3916 3472 4032 3525 θεὸν

2433 3560 2845 3629 ἀποφαίνουσαν
2868 3561 2961 3613 τὸν
2985 3560 3233 3631 φιλόθεον
3248 3598 3267 3615 .

2507 3736 2609 3805 λγ¹.
2656 3737 2769 3807 Τῆς
2814 3735 3102 3806 φιλαυτίας
3146 3735 3225 3799 ὼς
3268 3735 3469 3806 ἀρῄς,
3499 3735 3685 3798 καθὼς
3718 3735 3908 3804 εἷπον,
3941 3744 4032 3795 καὶ

2438 3829 2648 3902 μητρὸς
2670 3824 2778 3883 τῶν
2806 3828 2994 3882 κακῶν
3030 3827 3405 3900 ἀποτιλείσης,
3439 3830 3621 3884 πάντα
3648 3831 3717 3883 τὰ
3768 3832 3827 3899 ἐξ
3861 3834 4032 3904 αὐτῆς

2433 3939 2495 3975 τε
2526 3923 2618 3975 καὶ
2653 3922 2773 3992 μετ’
2818 3921 3011 3993 αὐτὴν,
3060 3921 3551 3975 συναποτίλλεσθαι
3582 3922 3781 3976 εἴωθεν
3831 3926 4027 3997 ἐπειδὴ

2433 4014 2642 4085 ταύτης
2673 4014 2747 4085 μὴ
2772 4012 2963 4084 οὔσης,
3000 4013 3120 4067 οὑδὲ
3150 4012 3408 4083 οὐδαμῶς
3431 4013 3495 4066 τὸ
3524 4014 3797 4084 παράπαν
3829 4018 4031 4080 κακίας

2435 4104 2574 4172 εἶδος
2603 4108 2637 4179 ἢ
2671 4109 2816 4179 ἴχνος
2843 4106 3171 4175 ὑφίστασθαι
3202 4106 3449 4162 δύναται.

2506 4198 2601 4253 λό’.
2633 4201 2761 4251 Δέον
2784 4200 2951 4260 ἐστὶν,
2982 4198 3190 4253 ἑαυτῶν
3224 4200 3319 4253 καὶ
3341 4198 3590 4269 ἀλλήλων
3620 4198 3879 4253 τοσοῦτον
3907 4203 4031 4255 ἀντ-

2435 4292 2677 4363 έχεσθαι,
2730 4293 2855 4345 ὅσον
2880 4291 3043 4354 αὑτὸς
3069 4291 3136 4345 δι’
3166 4291 3333 4345 αὑτοῦ
3382 4291 3411 4343 6
3442 4293 3683 4364 Χριστὸς
3726 4294 4028 4365 προλαϐὼν

2436 4386 2783 4449 ἀπεδείξατο,
2813 4385 2955 4456 ὑπὲρ
2982 4387 3013 4455 ἡ
3024 4385 3141 4455 μῶν
3167 4384 3365 4439 παθεῖν
3396 4386 3798 4457 ἀνασχόμενος.

811 4563 901 4617 55.
961 4561 1147 4617 Sancti
1199 4576 1394 4615 omnes
1439 4568 1667 4630 propter
1722 4560 2045 4617 charitatem
2101 4564 2324 4634 ejusque

2509 4566 2606 4620 λε’.
2650 4565 2752 4619 Διά
2791 4565 2890 4635 τὴν
2917 4564 3144 4635 ἀγάπην
3184 4566 3234 4617 οί
3287 4564 3435 4633 ἀγιοι
3488 4564 3693 4628 πάντες
3742 4568 3890 4637 πρὸς
3938 4569 4033 4637 τὴν

741 4661 878 4709 nutu
904 4662 1130 4724 peccato
1154 4652 1500 4716 restiterunt,
1533 4652 1739 4706 nullam
1775 4654 2062 4723 praesentis
2086 4656 2212 4711 vitae
2241 4672 2330 4712 ra-

745 4747 949 4803 tionem
996 4746 1299 4812 habentes;
1332 4744 1659 4815 diversaque
1693 4746 1886 4801 mortis
1920 4764 2120 4818 genera
2162 4749 2301 4805 susti

744 4848 1007 4904 nuerunt,
1032 4848 1093 4893 ut
1123 4837 1226 4908 ipsi
1255 4837 1309 4890 in
1332 4853 1391 4891 se
1419 4853 1483 4891 ac
1510 4838 1681 4891 Deum
1714 4854 1744 4891 a
1770 4840 1977 4893 mundo
2001 4822 2327 4912 colligeren-

743 4942 852 4996 tur,
882 4930 1216 5000 unirentque
1259 4930 1315 4983 in
1359 4937 1419 4983 se
1463 4928 1595 4999 ipsis
1639 4939 1850 4985 natura:
1893 4934 2158 5003 segmina.
2202 4935 2329 4992 Iizec

738 5022 888 5078 enim
923 5038 1050 5077 vera
1096 5036 1161 5075 ac
1204 5019 1483 5088 inculpata
1536 5018 1779 5073 ﬁdelium
1829 5021 2015 5075 divina
2062 5023 2330 5093 sapientia

742 5118 921 5187 (cujus
964 5113 1091 5168 ﬁnis
1137 5113 1343 5166 bonum
1388 5119 1476 5166 est
1520 5120 1685 5180 atque
1730 5113 1938 5168 veritas
1991 5133 2004 5168 :
2053 5110 2330 5186 siquidem

644 5270 651 5277 ,
742 5206 971 5271 bonum,
1004 5219 1282 5275 propensa
1326 5202 1638 5273 benignitas
1659 5212 1745 5257 est
1774 5212 1831 5257 et
1861 5204 2203 5272 humanitas;
2228 5224 2326 5263 ve-

742 5312 1009 5367 rumque,
1057 5312 1126 5351 ex
1172 5294 1301 5348 ﬁdei
1346 5292 1655 5347 rationibus
1704 5297 2005 5366 composita
2047 5297 2223 5367 pietas
2261 5314 2325 5355 ac

742 5392 968 5462 religio;
1011 5405 1141 5444 vera
1188 5386 1403 5441 scilicet
1463 5385 1750 5442 charitatis
1796 5387 2054 5458 insignia)
2099 5399 2160 5444 ut
2204 5407 2326 5461 qua:

739 5486 873 5547 Deo,
908 5483 1158 5549 aliosque
1189 5478 1316 5531 aliis
1349 5476 1603 5530 homines
1643 5478 1959 5548 conjungat,
1992 5494 2223 5549 eamque
2253 5482 2325 5536 ob

739 5588 852 5627 rem
889 5572 1045 5627 ﬁrma
1074 5585 1140 5625 ac
1182 5565 1459 5623 constanti
1502 5566 1774 5623 bonorum
1808 5571 2148 5638 perennitate
2190 5589 2323 5645 gau-

735 5666 881 5721 deat.

811 5843 855 5875 ⁸³
887 5843 1044 5896 Deut.
1085 5858 1154 5906 \‘l,
1187 5840 1250 5907 ελ,
1286 5839 1475 5894 Μιιίίίτ.
1504 5855 1631 5905 “tl,
1665 5839 1751 5892 57.

2439 4655 2719 4729 ἁμαρτίαν
2760 4655 3258 4727 ἀντικατέστησαν,
3287 4648 3713 4727 τῆςπαροὺσης
3746 4656 3902 4728 ζωῆς
3940 4660 4031 4712 οὺ-

2434 4749 2562 4805 δένα
2592 4748 2751 4815 λόγον
2780 4747 3179 4819 ποιησάμενοι⁹
3248 4748 3344 4802 καὶ
3397 4748 3526 4811 τοὺς
3582 4749 3893 4814 πολυειδεῖς
3940 4751 4027 4805 τοῦ

2436 4843 2674 4899 θανάτου
2704 4842 2943 4913 τρόπους
2971 4842 3311 4910 ὑπέστησαν,
3354 4841 3442 4896 ἶνα
3477 4842 3617 4914 πρὸς
3660 4843 3898 4908 ἑαυτοὺς
3926 4844 4031 4900 ἀπὸ

2433 4936 2530 4990 τοῦ
2570 4936 2777 5007 κόσμου
2805 4935 2899 4989 καὶ
2931 4935 3022 4989 τὸν
3052 4933 3189 4989 Θεὸν
3221 4934 3552 5005 συναχθῶσι,
3583 4935 3681 4987 καὶ
3706 4935 3779 4988 τὰ
3805 4935 3907 5005 τῆς
3941 4937 4030 5005 φύς

2436 5044 2575 5088 σεως
2599 5026 2685 5094 ἐφ’
2714 5024 2925 5078 ἑαυτῶν
2949 5022 3194 5077 ἑνὼσωσι
3227 5024 3510 5096 ῥήγματα.
3529 5023 3694 5095 Ἀὕτη
3720 5024 3835 5097 γάρ
3878 5026 4027 5080 ἔστιν

2434 5121 2467 5190 ἡ
2500 5117 2708 5189 ἀληθὴς
2751 5118 2850 5172 καὶ
2889 5116 3195 5188 ἀμώμητος
3227 5118 3338 5171 τῶν
3385 5116 3597 5171 πιστῶν
3629 5118 3899 5187 θεοσοφία
3921 5135 3935 5147 ·
3962 5116 4025 5189 ἧς

2434 5210 2624 5275 τέλος,
2659 5209 2721 5263 τὸ
2764 5208 2971 5277 ἀγαθόν
3008 5210 3126 5261 ἐστι
3160 5209 3257 5263 καὶ
3292 5210 3325 5280 ἡ
3364 5208 3637 5281 ἀλήθεια·
3680 5211 3848 5282 είπερ
3886 5213 4021 5280 ἀγα-

2436 5300 2527 5355 θὸν
2567 5301 2627 5354 τὸ
2671 5300 3078 5372 φιλάνθρωπον,
3132 5302 3227 5354 καὶ
3285 5300 3489 5372 ἀληθὲς
3527 5300 3591 5353 τδ
3643 5302 3791 5355 κατά
3842 5305 4022 5358 πίστιν

2434 5394 2703 5465 φιλόθεον,
2739 5396 2811 5449 τὰ
2838 5395 2936 5463 τῆς
2970 5395 3194 5464 ἀγάπης
3222 5394 3588 5464 γνωρίσματα
3610 5410 3624 5423 °
3673 5394 3751 5457 ὡς
3779 5394 3903 5465 Θεῷ
3932 5399 4021 5450 καὶ

2433 5489 2688 5560 ἀλλήλοις
2711 5490 2835 5551 τοὺς
2868 5487 3192 5559 ἀνθρώπους
3225 5489 3598 5550 συνάπτουσα,
3632 5488 3731 5540 καὶ
3752 5488 3845 5542 διὰ
3869 5489 4020 5543 τοῦτο

2433 5580 2545 5634 τῶν
2585 5579 2806 5653 ἀγαθῶν
2836 5579 2937 5651 τὴν
2975 5578 3236 5653 διαμονὴν
3264 5579 3608 5634 ἀδιάπτωτον
3638 5581 3867 5652 ἔχουσα.
