4192 6436
301 550 409 608 λς’.
452 544 735 617 Ἐνέργεια
786 544 883 598 καί
929 545 1201 610 ἀπόδειξις
1247 548 1345 615 τῆς
1375 545 1509 616 πρὸς
1542 546 1672 599 Θεὸν

228 633 381 700 λείας
411 637 633 708 ἀγάπης
663 639 832 701 ἐστὶν,
861 638 894 707 ή
923 637 1124 707 γνησία
1177 637 1246 690 δι’
1292 638 1507 700 εὐνοίας
1555 637 1803 689 ἑκουσίου

227 727 371 798 πρὸς
398 729 490 781 τὸν
518 729 748 799 πλησίον
774 729 1039 791 διάθεσις.
1070 728 1134 781 Ὀ
1164 728 1274 799 γάρ
1296 728 1384 798 μὴ
1412 728 1662 798 ἀγαπῶν
1700 731 1807 782 τὸν

228 816 501 885 ἀδελφὸν
529 818 740 881 αὐτοῦ,
781 819 853 871 ὃν
889 817 1130 885 ἑώρακε,
1171 821 1338 889 φησιν
1371 819 1580 881 όλθείος
1622 819 1803 872 Ἰωάν-

228 927 353 978 νης,
382 910 492 963 τὸν
520 912 667 963 Θεὸν
696 909 769 964 ὃν
791 912 905 979 οὐχ
954 908 1234 978 ἑώρακεν,
1277 913 1348 965 οὐ
1387 911 1635 964 δύναται
1664 912 1806 979 ἁγα-

230 1002 375 1069 πᾷν.

300 1094 401 1159 λζ’.
436 1096 501 1148 Ἦ
557 1095 659 1166 τῆς
716 1094 974 1166 ἀληθείας
1019 1094 1157 1159 ὁδὸς,
1210 1098 1243 1166 ἡ
1295 1094 1486 1166 ἀγάπη
1517 1098 1683 1160 ἐστὶν,
1740 1096 1809 1166 ἢν

233 1188 428 1241 ἑαυτὸν
456 1188 730 1259 ὀνομάσας
764 1190 792 1241 ό
836 1188 931 1241 τού
980 1187 1115 1240 Θεοῦ
1163 1187 1359 1257 Λόγος,
1392 1189 1519 1251 τοὺς
1571 1190 1629 1241 ὲν
1667 1189 1806 1260 αὐτῇ

196 1280 537 1343 ’ὀδεύοντας,
583 1280 663 1351 τῷ
709 1279 830 1350 Θεῷ
880 1280 975 1333 καὶ
1007 1280 1185 1351 Πατρί
1237 1280 1511 1352 καθαροὺς
1541 1282 1808 1335 παντοίων

229 1372 563 1442 γενομένους
590 1372 948 1442 παρίστησιν.

302 1462 407 1534 λη’.
432 1463 582 1534 Αὕτη
617 1465 764 1517 ἐστὶν
794 1466 827 1534 ή
855 1464 1014 1535 θύρα.
1044 1464 1112 1517 δι’
1141 1459 1209 1536 ἦς
1238 1465 1265 1517 ό
1295 1464 1695 1535 εἰσερχόμενος,
1728 1466 1809 1527 εἰς

226 1552 299 1606 τά
327 1556 497 1623 Ἀγια
527 1555 737 1623 γίνεται
760 1556 870 1608 τῶν
903 1556 1095 1623 ἁγίων,
1128 1557 1219 1609 καὶ
1247 1555 1342 1608 τοῦ
1369 1557 1665 1627 ἀπροσίτου
1682 1557 1810 1610 κάλ·

229 1648 359 1711 λους
414 1648 512 1717 τῆς
551 1648 713 1717 ἁγίας
743 1648 839 1700 καὶ
897 1647 1183 1719 βασιλικῆς
1213 1648 1256 1700 Τ
1260 1648 1443 1721 ριὰδος
1488 1647 1809 1701 καθίσταται

227 1739 383 1804 ἄξιος
421 1740 618 1811 θεατὴς
653 1740 929 1808 γενέσθαι.

289 1821 400 1884 λθν.
433 1831 668 1901 Φοὸερδν
700 1831 869 1893 ὅντως
894 1831 991 1884 καὶ
1023 1831 1205 1900 πάσης
1230 1830 1607 1902 κατακρίσεως
1642 1832 1809 1902 ὑπερ-

227 1929 509 1987 επὲκεινει,
533 1924 594 1976 τὸ
613 1923 713 1994 τὴν
738 1923 987 1977 δοθεῖσαν
1018 1925 1149 1993 ἡμῖν
1177 1924 1329 1993 παρὰ
1357 1922 1491 1975 Θεοῦ
1528 1925 1669 1976 κατὰ
1701 1924 1805 1976 δω-
1841 1901 1883 1955 Β

227 2016 363 2087 ρεάν
389 2015 482 2068 τοῦ
512 2016 672 2082 ἁγίου
703 2015 1022 2084 Πνεύματος
1048 2015 1313 2077 ἑκουσίως
1337 2015 1609 2085 νεκρῶσαι
1640 2016 1805 2086 ζωὴν,

224 2107 321 2159 διὰ
344 2107 443 2176 τῆς
475 2106 609 2176 πρὸς
633 2107 703 2160 τά
733 2106 1067 2176 φθειρόμενα
1096 2106 1314 2175 ἀγὰπης
1336 2122 1350 2135 ·
1382 2106 1475 2157 καὶ
1501 2106 1648 2158 ἰσασι
1674 2104 1808 2157 πάνο

223 2215 339 2261 τως
362 2198 551 2251 τοῦτον
574 2200 668 2251 τὸν
698 2197 885 2269 φόϐον,
917 2200 967 2251 οἰ
990 2198 1092 2267 τὴν
1116 2197 1371 2265 ἀλήθειαν
1396 2196 1494 2267 τῆς
1524 2196 1807 2266 φιλαυτίας

226 2293 511 2362 προτιμᾷν
541 2290 968 2361 μελετήσαντες.

305 2390 379 2453 μ’.
408 2381 756 2454 Χρησώμεθα
792 2386 871 2448 εἰς
894 2384 1015 2437 δέον
1040 2385 1105 2453 τῇ
1138 2382 1353 2454 εἰρήνῃ,
1410 2381 1505 2436 καὶ
1540 2381 1639 2453 τὴν
1668 2382 1805 2452 πρὸς

223 2474 323 2526 τὸν
355 2475 580 2544 κόσμον,
622 2475 716 2527 καὶ
743 2475 835 2529 τὸν
880 2474 1302 2546 κοσμοκράτορα
1336 2474 1522 2538 κακῶς
1552 2476 1685 2544 ἡμῖν
1717 2475 1804 2527 ὲν-

228 2566 562 2631 υπάρξασαν
590 2568 965 2639 ἀθετήσαντες
986 2567 1191 2636 φιλίαν,
1217 2568 1309 2621 τὸν
1348 2568 1435 2621 διά
1467 2567 1576 2620 τῶν
1612 2567 1806 2620 παθῶν

226 2659 369 2728 πρὸς
402 2658 491 2737 τδν
520 2659 653 2711 Θεὸν
684 2660 1097 2729 συνιστάμενον,
1130 2659 1237 2713 κᾶν
1258 2659 1360 2726 ὀψέ
1390 2677 1523 2712 ποτε
1571 2659 1804 2713 καταλύ⁵

225 2768 418 2821 σωμεν
455 2751 692 2821 πόλεμον
712 2766 726 2779 ·
763 2752 859 2805 καὶ
889 2751 1120 2814 σπονδάς
1151 2751 1383 2815 ἀλύτους
1418 2752 1519 2823 τῆς
1549 2752 1683 2822 πρὸς
1710 2751 1806 2804 αύ-

224 2843 326 2894 τὸν
356 2843 582 2914 εἰρήνης
629 2845 976 2915 ποιήσαντες,
1004 2845 1063 2897 ὲν
1094 2846 1160 2914 τῇ
1189 2845 1531 2916 καταργήσει
1568 2843 1662 2897 τοῦ
1699 2842 1805 2895 σώ-

230 2951 407 3004 ματος
437 2935 536 3005 τῆς
590 2935 885 3006 ἁμαρτίας,
916 2937 1018 3008 τῆς
1064 2937 1202 3010 πρὸς
1234 2937 1397 2991 αὑτὸν
1427 2937 1629 3009 ἔχθρας
1660 2952 1803 2989 παυ-

228 3026 479 3098 σὼμεθα.

306 3118 416 3190 μα’.
459 3120 749 3174 Ἀδύνατόν
785 3121 935 3175 ἐστιν
978 3123 1125 3192 ημᾶς
1157 3123 1481 3195 φιλιωθῆναι
1531 3123 1671 3195 Θεῷ,
1712 3123 1806 3179 διὰ

224 3211 343 3265 τῶν
372 3212 560 3267 παθῶν
599 3213 737 3283 πρὸς
770 3213 934 3267 αὑτὸν
961 3214 1374 3279 στασιάζοντας,
1406 3213 1499 3267 καί
1521 3214 1599 3285 τῷ
1634 3233 1804 3285 πονη-

230 3303 319 3374 ρῷ
363 3304 612 3375 τυράννῳ
662 3306 756 3359 καὶ
791 3308 1022 3377 φονευτῇ
1066 3306 1176 3359 τῶν
1221 3306 1410 3377 ψυχῶν
1444 3307 1678 3379 διαϐόλῳ
1714 3308 1807 3362 διά

227 3394 429 3458 κακίας
464 3395 828 3467 δασμοφορεῖν
875 3396 1257 3468 ἀνεχομένους,
1301 3397 1375 3469 μὴ
1410 3397 1677 3470 πρότερον
1724 3398 1806 3453 δι-

223 3485 353 3539 όλου
381 3485 796 3558 πολεμωθέντας
836 3486 911 3557 τῷ
948 3488 1191 3559 πονηρῷ.
1220 3489 1400 3561 Μέχρι
1430 3490 1537 3558 γὰρ
1562 3490 1680 3542 τότε
1709 3490 1804 3543 τοῦ

227 3576 369 3630 Θεοῦ
406 3578 827 3649 καθεστήκαμεν
860 3578 1048 3650 ἐχθροὶ
1096 3580 1190 3632 καὶ
1247 3578 1522 3649 πολέμιοι,
1567 3580 1672 3633 κᾶν
1715 3597 1805 3633 πι-

230 3670 379 3721 στῶν
417 3672 792 3742 προσηγορίαν
816 3674 950 3740 ἡμῖν
986 3673 1170 3735 αὐτοῖς
1198 3671 1676 3743 περιπλάττωμεν,
1709 3671 1807 3741 μέ-

228 3778 357 3831 χρις
385 3753 445 3813 οὗ
472 3761 702 3815 πάθεσιν
736 3762 963 3833 ἀτιμίας
1018 3762 1294 3815 δουλεύειν
1326 3762 1664 3833 βουλόμεθα*
1712 3761 1807 3814 καί⁸

229 3853 389 3905 οὐδὲν
414 3853 604 3921 ὄφελος
633 3855 764 3924 ἡμῖν
808 3855 872 3908 ἐκ
901 3856 1000 3924 τῆς
1030 3854 1171 3909 κατὰ
1200 3855 1291 3908 τὸν
1339 3855 1543 3925 κόσμον
1586 3855 1808 3925 εἰρήνης

230 3942 421 3995 λοιπὸν
464 3946 883 4014 περιγενήσεται
913 3982 927 4005 ,
964 3944 1063 4015 τῆς
1094 3944 1273 4014 ψυχῆς
1316 3944 1501 4007 κακῶς
1532 3944 1807 4014 διακειμέ-

228 4050 352 4102 νης,
385 4034 480 4087 καὶ
514 4033 651 4105 πρὸς
681 4034 773 4086 τὸν
805 4035 936 4087 ἷδιον
973 4037 1204 4105 ποιητὴν
1254 4036 1677 4108 στασιαζούσης,
1710 4036 1805 4091 καὶ

228 4125 339 4177 ὑπὸ
365 4125 463 4195 τὴν
507 4125 673 4179 αὐτοῦ
712 4124 987 4195 βασιλείαν
1019 4127 1271 4195 γενέσθαι
1301 4130 1401 4181 οὐκ
1432 4129 1766 4199 ἁνεχομένης
1786 4144 1801 4159 ·

228 4217 315 4269 ἔτι
347 4217 562 4288 μυρίοις
600 4217 958 4289 πεπραμένης
991 4218 1161 4289 ὠμοῖς
1187 4220 1474 4282 δεσπόταις
1499 4221 1579 4283 εἰς
1608 4221 1805 4273 κακίαν

228 4308 404 4378 αὐτὴν
430 4310 837 4379 κατεπείγουσι,
865 4311 959 4363 καὶ
986 4311 1086 4382 τὴν
1122 4314 1200 4375 εἰς
1226 4312 1504 4366 ἀπώλειαν
1533 4313 1805 4383 φέρουσαν

226 4400 372 4462 ὁδὸν,
421 4401 521 4471 τῆς
588 4400 868 4473 σωζούσης
921 4402 1124 4472 μᾶλλον
1176 4404 1470 4475 ἀπατηλῷς
1532 4406 1803 4478 αἱρεῖσθαι

228 4490 765 4560 παρασκευάζουσιν.

306 4578 416 4651 μ6’.
448 4582 544 4645 Εἰς
571 4582 730 4636 τοῦτο
766 4584 915 4654 ἡμᾶς
956 4587 1256 4657 πεποίηκεν
1284 4585 1312 4638 ό
1335 4586 1486 4653 Θεὸς,
1522 4590 1609 4644 ἵνα
1633 4593 1805 4659 γενὼ-
1840 4614 1880 4668 ι)

231 4670 380 4743 μεθα
411 4672 563 4737 θείας
600 4674 849 4729 κοινωνοί
880 4674 1118 4744 φύσεως,
1151 4678 1246 4730 καὶ
1293 4678 1390 4748 τῆς
1441 4681 1608 4734 αὑτοῦ
1639 4685 1805 4739 ἀῖδιό⁹

224 4778 395 4833 τητος
435 4762 676 4833 μέτοχοι,
721 4764 815 4817 καὶ
847 4765 1105 4836 φανῶμεν
1138 4767 1286 4838 αὐτῷ
1323 4770 1499 4839 ὅμοιοι
1530 4774 1670 4827 κατά
1703 4777 1803 4844 τὴν

228 4855 301 4906 ὲκ
329 4853 551 4925 χάριτος
582 4854 800 4921 θέωσιν,
834 4857 902 4910 δι’
928 4859 996 4930 ῆν
1027 4859 1181 4912 πᾶσά
1211 4876 1271 4912 τε
1300 4859 1410 4913 τῶν
1444 4862 1613 4916 ὄντων
1646 4867 1678 4935 ή
1707 4868 1803 4919 σύ-

231 4945 426 5011 στασίς
453 4948 569 5000 ἐστι
602 4948 699 5001 καὶ
722 4948 975 5020 διαμονὴ,
1023 4951 1116 5005 καὶ
1142 4953 1176 5022 ὴ
1217 4951 1325 5005 τῶν
1351 4954 1428 5024 μὴ
1454 4954 1623 5040 ὄντων
1659 4974 1805 5029 παρ-

232 5037 431 5108 αγωγὴ
470 5038 573 5101 καὶ,
598 5039 829 5109 γένεσις.

229 5294 399 5367 μεθα,
432 5296 832 5369 ἀγωνισώμεθα
889 5299 966 5371 μὴ
1014 5300 1300 5372 προδοῦναι
1326 5304 1440 5373 τοῖς
1482 5289 1801 5358 πάθεσιτὸν

227 5386 428 5455 Λόγον,
481 5388 625 5472 κατά
658 5388 748 5442 τὸν
777 5388 1013 5470 Ἰούδανο
1050 5391 1082 5461 ἢ
1123 5392 1199 5469 μὴ
1255 5394 1617 5465 ἀρνήσασθαι,
1662 5398 1804 5451 κατά

228 5479 323 5533 τὸν
352 5480 576 5551 Πέτρον.
612 5478 877 5553 ’Λρνησις
910 5483 1018 5553 γάρ
1067 5484 1183 5538 ἐστι
1234 5485 1329 5538 τοῦ
1377 5487 1573 5556 Λόγου,
1621 5491 1654 5560 ὴ
1706 5491 1801 5554 τοῦ

227 5572 497 5642 πράττειν
541 5574 602 5627 τὸ
641 5575 845 5643 ἀγαθὸν
883 5575 970 5629 διὰ
1004 5566 1170 5645 φόϐον
1204 5580 1565 5651 παραίτησις·
1609 5585 1802 5654 προδο-

230 5663 325 5716 σία
375 5664 453 5731 δὲ,
490 5667 523 5736 η
557 5667 682 5718 κατ’
727 5667 1009 5737 ἐνέργειαν
1040 5670 1377 5739 ὲμπρόθετος
1410 5673 1674 5745 ἁμαρτία,
1709 5679 1802 5731 καὶ

226 5758 265 5826 ὴ
296 5756 429 5827 πρὸς
458 5757 556 5829 τὴν
577 5760 858 5830 ἁμαρτίαν
886 5761 1055 5831 ὁρμή.
1366 5774 1369 5775 ⁷

935 432 1270 493 CAPITUM
1306 428 1727 505 QUINQUIES
1766 430 2285 494 CENTENORUM
2323 429 2711 491 CENTURIA
2749 429 2798 490 Ι.

1714 562 1801 597 τε·
1836 552 1882 609 Α
1981 545 2144 616 519
2170 545 2258 600 36.
2285 545 2543 599 Perfer-tte
2568 544 2621 598 in
2648 545 2821 599 Deum
2858 542 3145 599 cliaritatis
3172 541 3253 598 vis
3277 558 3340 599 ac
3368 562 3495 614 pro-

3354 427 3491 493 1191

1909 639 2081 704 batio,
2109 653 2242 693 vera
2267 646 2351 691 est
2377 654 2505 708 erga
2537 639 2845 707 proximum
2872 638 3125 692 ultronea
3156 638 3491 692 benevolen-

1910 734 1983 786 tia
2023 732 2303 801 animique
2335 732 2574 786 aﬂ'cctio.
2609 730 2713 794 Qui
2740 731 2908 794 enim,
2934 731 3113 799 inquit
3137 730 3297 784 divus
3323 729 3493 784 Joan-

1909 837 2028 886 nes,
2080 838 2185 874 non
2217 821 2388 890 diligit
2423 820 2643 890 fratrem
2674 835 2849 882 suum,
2880 836 3032 888 quem
3082 818 3251 884 videt,
3299 819 3492 884 Deum,
3538 835 3543 840 '

1910 930 2061 984 quem
2090 929 2193 966 non
2222 914 2379 978 videt,
2408 911 2629 983 diligere
2663 926 2766 964 non
2799 918 2964 980 potest
3001 909 3063 963 ”.

1982 1094 2070 1147 57.
2105 1094 2204 1150 Via
2231 1094 2496 1157 veritatis,
2526 1094 2769 1148 Charitas
2791 1102 2895 1155 est,
2924 1107 3087 1161 quam
3119 1092 3359 1161 seipsum
3398 1107 3496 1143 vo-

1908 1203 2039 1243 cans
2070 1188 2165 1242 Dei
2192 1187 2432 1242 Verbum
2479 1188 2542 1251 ιδ,
2584 1186 2929 1241 ambulantes
2974 1186 3028 1239 in
3070 1200 3155 1248 ea,
3197 1184 3348 1238 omni
3372 1184 3493 1239 labe

1910 1294 2100 1347 puros,
2134 1279 2245 1333 Deo
2272 1294 2337 1332 ac
2372 1278 2517 1332 Patri
2550 1286 2928 1347 repraesentat.

1981 1467 2069 1521 58.
2102 1466 2228 1521 llaec
2257 1475 2342 1520 est
2369 1475 2547 1536 porta,
2592 1482 2692 1536 per
2729 1482 2893 1536 quam
2937 1466 3031 1536 qui
3077 1466 3405 1537 ingreditur,
3436 1468 3521 1522 in

1910 1557 2109 1612 Sancta
2136 1567 2449 1612 sanctorum
2482 1566 2757 1628 penetrat,
2782 1559 3090 1630 dignusque
3114 1558 3368 1623 edicitur,
3397 1562 3491 1629 qui

1908 1660 2111 1705 sanetae
2138 1667 2201 1705 ac
2230 1652 2427 1721 regalis
2447 1652 2734 1707 Trinitatis
2755 1653 3021 1708 inaccessi
3046 1652 3264 1708 decoris
3283 1662 3496 1722 specta-

1914 1751 1998 1795 tor
2040 1742 2286 1795 exsistat.

1980 1828 2068 1882 39.
2099 1828 2468 1883 Tremendum
2508 1845 2639 1885 sane
2672 1832 2929 1901 omnique
2960 1833 3134 1903 majus
3160 1832 3495 1889 condemna-

1912 1921 2083 1983 tione,
2112 1920 2258 1989 quod
2284 1936 2599 1977 concessam
2627 1923 2789 1977 nobis
2811 1922 3079 1979 divinitus
3101 1925 3340 1995 Spiritus
3368 1941 3495 1980 san-

1914 2012 1988 2066 cti
2020 2028 2246 2067 munere
2276 2013 2466 2077 vitam,
2501 2013 2769 2068 ﬂuvarum
2816 2031 3001 2069 rerum
3045 2031 3110 2070 ac
3139 2017 3491 2086 pereuntium

1913 2119 2122 2169 amore,
2155 2115 2349 2175 sponte
2377 2106 2727 2175 perimamus.
2760 2107 3009 2177 Eumque
3036 2108 3195 2178 plane
3218 2119 3494 2177 noverunt

1912 2207 2141 2260 metum,
2173 2197 2269 2265 qui
2298 2196 2586 2251 veritatem
2612 2198 2869 2269 φιλαυτία
2902 2199 3069 2272 (σωοο
3104 2200 3181 2255 illi
3223 2202 3396 2258 amori
3426 2218 3492 2259 ac

1912 2288 2140 2358 carnali)
2172 2289 2449 2344 anteferre
2477 2291 2827 2345 studuerunt.

1980 2378 2071 2433 40.
2099 2379 2205 2434 Pro
2229 2395 2297 2435 eo
2329 2395 2394 2435 ac
2431 2381 2591 2436 decet
2623 2398 2756 2451 pace
2784 2390 3025 2449 utamur,
3054 2384 3304 2455 maleque
3330 2384 3493 2441 nobis

1912 2482 2037 2522 eum
2075 2470 2301 2535 mundo,
2354 2472 2655 2541 mundique
2700 2483 2912 2528 rectore
2952 2485 3262 2530 mnsertam
3303 2476 3493 2532 amici—

1914 2558 2045 2611 tiam
2076 2560 2287 2614 irritam
2313 2576 2633 2631 cassamque
2659 2562 2974 2630 reddentes,
3001 2567 3220 2621 tandem
3243 2568 3495 2639 aliquan-

1911 2652 1982 2706 do
2013 2653 2309 2715 conllatum
2341 2654 2502 2709 nobis
2525 2655 2787 2709 vitiorum
2818 2655 2941 2711 labe
2964 2672 3030 2712 ac
3056 2657 3353 2713 aﬁ‘ectuum
3377 2659 3494 2717 bel—

1912 2744 2024 2798 lum
2053 2745 2316 2801 adversus
2346 2747 2517 2801 Deum
2556 2747 2939 2814 dissolvamns,
2972 2749 3229 2820 pacisque
3263 2767 3388 2806 cum
3422 2768 3492 2808 eo

1913 2835 2225 2891 insolubilia
2269 2838 2562 2910 jungentcs
2610 2834 2838 2905 fmdera,
2882 2842 2935 2895 in
2969 2841 3342 2899 destructione
3370 2861 3494 2899 cor-

1913 2926 2062 2995 poris
2090 2926 2299 2996 peccati
2336 2928 2399 2994 “,
2431 2927 2843 2984 inimicitiarum
2874 2945 2999 2985 cum
3042 2931 3163 3001 ipso
3220 2930 3383 2987 linem
3411 2933 3493 2988 fa-

1909 3018 2138 3073 ciamus.

1982 3112 2071 3166 41.
2108 3112 2400 3181 Nunquam
2430 3113 2522 3168 liat
2550 3123 2610 3168 ut
2637 3114 2751 3170 Deo
2779 3115 3023 3171 amicitia
3055 3117 3367 3188 iungamur,
3393 3120 3489 3190 qui

1910 3224 2012 3279 per
2043 3208 2175 3262 vitia
2205 3217 2368 3279 atque
2397 3209 2629 3265 aﬂ‘ectus
2673 3210 2752 3264 illi
2803 3210 3038 3266 rebelles
3067 3212 3271 3277 simus,
3321 3214 3492 3283 pessi-

1912 3316 2107 3370 moque
2154 3302 2459 3356 animorum
2508 3310 2743 3372 tyranno
2790 3319 2854 3358 ac
2901 3304 3190 3359 homicida:
3239 3304 3488 3370 diabolo,

1911 3393 2094 3461 pravis
2147 3392 2343 3447 studiis
2392 3393 2680 3464 vestigales
2731 3409 2852 3449 esse
2900 3397 3304 3460 sustineamus,
3354 3397 3491 3464 quin

1910 3482 2061 3551 prius
2092 3483 2430 3552 nequissimo
2466 3483 2673 3539 inimici
2722 3500 2952 3555 prorsus
2998 3484 3318 3540 efﬁciamur.
3347 3487 3492 3540 Tan-

1908 3574 2003 3626 diu
2030 3574 2179 3628 enim
2208 3575 2304 3629 Dei
2335 3576 2520 3631 hostes
2545 3591 2735 3631 sumus
2762 3592 2827 3632 ac
2858 3578 3089 3643 inimici,
3117 3578 3329 3634 taunetsi
3359 3578 3491 3634 tide-

1910 3667 2041 3718 lium
2087 3666 2247 3721 nobis
2286 3683 2488 3722 nomen
2532 3668 2866 3740 attingimus,
2917 3671 3162 3739 quandiu
3205 3670 3491 3741 probrosis

1907 3756 2195 3812 all‘ectibus
2224 3742 2430 3814 servire
2476 3760 2533 3813 in
2575 3760 2819 3814 animum
2850 3761 3207 3815 inducimus:
3234 3777 3337 3816 nec
3376 3763 3488 3831 jam

1909 3849 2067 3903 nobis
2098 3866 2167 3904 ex
2195 3851 2383 3905 mundi
2412 3866 2544 3921 pace
2579 3853 2802 3907 accedet
2830 3853 3037 3922 aliquid
3073 3854 3365 3921 commodi,
3392 3853 3488 3924 qui

1909 3943 2049 3996 male
2078 3945 2263 3998 animo
2293 3945 2476 3999 aﬂ'ecti
2523 3946 2715 4009 simus,
2748 3946 3151 4015 adversumque
3200 3948 3487 4017 proprium

1907 4044 2186 4089 auctorem
2237 4035 2598 4097 rcbellemus,
2651 4051 2755 4091 nec
2802 4038 2923 4108 ejus
2965 4037 3207 4092 feramus
3257 4038 3489 4107 imperio

1908 4128 2103 4198 subjici
2144 4145 2158 4181 :
2202 4128 2509 4183 innumeris
2546 4129 2758 4185 scilicet
2787 4129 3087 4184 venundati
3119 4130 3277 4185 saevis
3306 4130 3487 4184 domi-

1908 4220 2014 4283 nis,
2068 4220 2122 4273 in
2171 4220 2365 4275 vitium
2415 4236 2480 4275 ac
2520 4222 2780 4274 malitiam
2822 4221 3289 4291 propellentibus,
3321 4231 3378 4275 et
3418 4222 3487 4276 ad

1906 4312 2050 4365 viam
2076 4328 2197 4381 quae
2241 4312 2394 4366 ducit
2426 4312 2491 4366 ad
2533 4312 2916 4382 perditionem,
2947 4329 3059 4382 pra:
3087 4328 3152 4367 ea
3192 4328 3300 4382 qua
3341 4312 3490 4369 salus

1908 4414 2149 4472 paratur,
2174 4420 2362 4458 errore
2387 4403 2716 4474 eligendam,
2745 4403 2904 4458 nobis
2931 4403 3267 4458 auctoribus.

1979 4581 2064 4637 £2.
2115 4582 2175 4635 in
2225 4581 2331 4635 hoc
2374 4595 2477 4634 nos
2516 4579 2661 4634 Deus
2689 4579 2957 4643 condidit,
2989 4587 3051 4632 ut
3077 4578 3378 4633 ellieiamur
3406 4578 3489 4632 di-

1908 4674 2048 4728 vin-.e
2077 4680 2360 4728 consortes
2402 4678 2611 4724 natura:
2642 4670 2705 4735 ",
2742 4670 2969 4739 ejusque
3002 4668 3325 4722 :etcrnitatis
3367 4683 3489 4736 par-

1910 4768 2124 4837 ticipes,
2175 4772 2341 4833 atque
2381 4763 2457 4817 illi
2501 4763 2709 4816 similes
2745 4760 2788 4792 ¹⁸
2821 4775 3179 4831 appareamus
3213 4776 3311 4829 per
3334 4759 3488 4813 deiti-

1909 4859 2204 4921 cationem,
2236 4874 2359 4928 qua:
2397 4873 2464 4911 ex
2506 4856 2680 4927 gratia
2708 4853 2792 4909 est
2823 4872 2837 4908 :
2866 4854 2937 4908 ob
2965 4868 3128 4923 quam
3156 4869 3341 4907 rerum
3369 4869 3488 4936 om-

1909 4951 2061 5004 nium
2094 4949 2257 5019 520
2301 4947 2623 5002 constitutio
2669 4955 2726 5002 et
2769 4946 3118 5016 perennitas,
3149 4960 3483 5015 eorumque,

1910 5058 2031 5113 quae
2068 5042 2303 5097 necdum
2344 5040 2400 5094 in
2445 5055 2629 5094 rerum
2659 5055 2829 5094 censu
2873 5039 3166 5104 exsistunt,
3197 5038 3487 5109 productio

217 5221 219 5223 ‘
305 5220 419 5273 μγ.
448 5205 511 5258 Εἰ
562 5205 654 5259 τοῦ
702 5206 837 5260 Θεοῦ
866 5206 1223 5278 ὀνομάζεσθαί
1252 5226 1310 5262 τε
1341 5208 1435 5263 καὶ
1480 5175 1620 5264 εἶναι
1655 5212 1799 5281 ἰφιέ-
1854 5182 1861 5248 ἶ
1904 5143 2155 5281 ει

1985 5227 2066 5281 45.
2104 5226 2161 5281 Si
2205 5226 2301 5281 Dei
2348 5241 2406 5281 re
2449 5234 2613 5295 atque
2658 5223 2880 5279 nomine
2922 5239 3042 5279 esse
3083 5222 3481 5285 desideramus,

1908 5318 2329 5381 hoc-enitamur,
2370 5333 2474 5372 nec
2504 5317 2559 5370 in
2588 5314 2742 5371 Judae
2768 5330 2976 5371 morem
3002 5315 3243 5369 Verbum
3274 5330 3369 5369 seu
3397 5330 3484 5369 ra-

1909 5413 2110 5465 tionem
2146 5410 2436 5465 aﬂ‘ectibus
2476 5410 2803 5480 prodamus;
2835 5424 2971 5463 neve
3002 5407 3173 5464 instar
3198 5406 3347 5462 Petri
3385 5405 3482 5461 ab-

1908 5519 2188 5572 negemus.
2218 5503 2385 5559 Verbi
2407 5503 2553 5559 enim
2588 5503 2927 5575 rationisque
2959 5500 3175 5573 negatio
3197 5508 3302 5565 est,
3332 5501 3480 5569 quod

1903 5596 2033 5666 quis
2060 5605 2239 5650 metus
2257 5610 2420 5649 causa
2452 5602 2669 5650 recuset
2690 5604 2951 5665 praestare
2974 5594 3179 5649 bonum
3201 5610 3216 5659 ;
3240 5594 3484 5663 proditio

1906 5699 2059 5749 vero,
2092 5700 2215 5739 cum
2242 5701 2307 5739 ex
2342 5683 2625 5754 proposito
2651 5694 2934 5754 peceatum
2962 5685 3017 5740 in
3045 5692 3171 5739 actu
3205 5693 3487 5755 perpetui.

1910 5791 2048 5843 mus,
2084 5777 2247 5855 inque
2279 5777 2413 5832 illud
2444 5780 2626 5834 animo
2654 5782 2967 5840 incitamur.

306 5867 351 5900 “
380 5869 401 5925 ι
428 5870 586 5928 Ιοειη.
618 5888 687 5937 Iv,
714 5873 804 5927 20.
884 5876 927 5905 ³⁸
959 5874 1117 5929 Joan.
1148 5893 1254 5943 xw,
1285 5880 1335 5934 6.
1416 5882 1457 5913 ¹⁶
1487 5882 1642 5939 Rom.
1692 5904 1763 5954 vl,
1794 5891 1808 5942 (

1925 5893 1963 5923 ¹⁷
1996 5892 2036 5945 ll
2068 5893 2211 5948 Pelr.
2246 5913 2279 5959 ι,
2311 5898 2361 5951 4.
2443 5897 2530 5950 ⁸⁸1
2565 5897 2717 5954 Joan.
2752 5918 2825 5966 ιιι,
2855 5902 2908 5955 2.

547 5972 814 6032 ΡΑτιιοι.
864 5973 979 6033 Gn.
1041 5974 1167 6035 XC.

3028 5997 3108 6062 38
