4192 6436
727 412 858 476 1199

1888 409 1946 468 S.
1990 406 2274 469 ΜΛΧῙΜΙ
2318 403 2830 468 CONFESSORIS

3863 413 3992 483 ιτα)

719 524 895 577 altero
943 521 1310 592 dispescerct;
1365 519 1575 589 soiiquc
1627 518 1894 588 \‘nluplali
1955 521 2303 591 coujuuctum

2420 523 2774 591 συνημμένην
2830 521 2929 592 τὴν
2978 521 3266 591 φιλαυτίαν
3317 523 3463 595 ἔχειν
3491 528 3770 592 παντελῶς
3808 529 3996 602 ὀδύνης

721 627 952 682 pravum
992 613 1147 666 illum
1187 624 1503 679 etecumque
1550 610 1800 679 Corporis
1846 624 2113 674 amorem,
2159 609 2313 662 nullo

721 720 950 776 prorsus
995 703 1204 760 doloris
1254 702 1524 773 periculo,
1575 702 1836 768 haberet;
1874 702 2130 772 ignorans
2163 701 2313 755 scili-

718 809 809 854 cet
859 799 1083 870 (atl'ectu
1148 807 1284 868 puto
1345 812 1570 851 sensum
1629 796 1929 865 adimente)
1977 796 2311 864 voluptati-n1

723 893 894 962 ipsam
931 906 1030 959 per
1077 905 1137 944 se
1164 905 1415 944 seorsum
1452 905 1481 943 a
1534 888 1723 942 dolore
1755 902 2036 956 nunquam
2087 885 2313 940 omnino

720 996 881 1049 posse
928 979 1216 1034 exsistere.
1253 978 1350 1032 Est
1384 977 1530 1032 enim
1563 976 1890 1030 commistus
1917 976 2185 1046 voluptati
2215 976 2314 1029 do-

719 1071 854 1127 loris
897 1071 1076 1135 labor,
1111 1070 1331 1126 tametsi
1374 1070 1545 1123 latere
1585 1083 1682 1123 eos
1723 1068 1998 1132 videatur,
2047 1069 2143 1138 qui
2192 1068 2313 1137 ejus

720 1171 1004 1233 compotes
1037 1170 1186 1225 sunt,
1216 1161 1287 1215 ob
1334 1169 1763 1229 exsuperantem
1812 1160 2024 1214 scilicet
2063 1160 2315 1228 volupta-

719 1256 791 1308 tis
821 1255 1100 1308 aﬂ'ectum.
1145 1253 1376 1322 Semper
1423 1253 1572 1306 enim
1619 1252 1765 1321 quod
1811 1251 2087 1320 prmcipue
2137 1251 2314 1305 domi-

720 1357 884 1401 natur
919 1363 983 1401 ac
1021 1347 1186 1417 viget,
1221 1353 1410 1400 natum
1445 1353 1528 1399 est
1572 1345 1814 1408 elucere,
1843 1345 1963 1414 ejus
2002 1343 2314 1414 obtegendo

717 1453 940 1493 sensqu
977 1437 1123 1506 quod
1156 1437 1234 1490 illi
1269 1438 1626 1508 conjunctum
1659 1443 1763 1489 est.
1801 1434 1961 1489 l’ravi
2003 1435 2170 1504 igitur
2205 1450 2311 1488 ca:-

717 1531 881 1601 cique
913 1530 1062 1584 illius
1099 1530 1308 1584 amoris
1334 1529 1518 1583 studio
1546 1528 1880 1596 voluptatem
1915 1525 2312 1589 consectando,

719 1618 1042 1672 innumeros
1071 1617 1336 1672 exitiosos
1363 1617 1594 1671 affectus
1619 1615 1862 1683 vitiaque
1902 1601 2311 1668 adinvenimu’s.

787 1711 876 1765 54.
914 1710 1102 1764 Nescit
1134 1708 1252 1779 ipso
1284 1710 1366 1763 rei
1400 1707 1650 1778 periculo
1681 1705 1979 1777 voluptatis
2008 1720 2073 1759 ac
2104 1703 2314 1759 doloris

718 1819 963 1869 sensum,
999 1802 1094 1872 qui
1146 1802 1259 1856 Deo
1305 1817 1436 1855 vere
1483 1799 1831 1864 eharissimo,
1867 1797 2200 1867 amabilique
2249 1811 2312 1849 ac

2415 614 2734 682 ἀπείρατον,
2790 615 3068 685 ἀγνοήσας
3108 616 3213 669 ὑπὸ
3255 617 3354 670 τοῦ
3405 619 3633 682 πάθους,
3676 621 3755 684 ὡς
3797 622 3994 690 ἐοικεν,

2413 702 2488 765 ὡς
2519 703 2620 755 ούκ
2659 702 2936 773 ἐνδέχεταί
2966 721 3098 757 ποτε
3132 706 3301 776 χωρίς
3333 707 3526 778 ὀδύνης
3558 705 3699 763 εἶναι
3734 709 3833 782 τὴν
3879 713 3998 782 ἡδο-

2414 795 2534 864 νήν.
2575 795 2944 866 Ἐγκέκραται
2983 797 3094 869 γὰρ
3146 803 3213 870 τῇ
3255 799 3420 872 ἡδονῇ
3454 801 3556 871 τῆς
3601 804 3799 875 ὀδύνης
3829 806 3861 857 ὀ
3901 807 3997 858 πό-

2414 904 2526 951 νος,
2555 887 2659 940 κᾶν
2693 888 2979 942 λανθάνειν
3011 891 3144 962 δοκῇ
3175 894 3301 956 τοὺς
3325 893 3571 963 ἔχοντας,
3607 896 3699 949 διὰ
3732 897 3834 968 τὴν
3858 900 4000 952 κατα

2413 979 2473 1031 τὸ
2525 979 2697 1044 πάθος
2735 979 2838 1049 τῆς
2879 981 3080 1052 ἡδονῆς
3120 984 3485 1055 ἐπικράτειαν
3511 1003 3524 1014 ’
3568 987 3761 1059 ἐπειδὴ
3788 990 3851 1040 τὸ
3877 991 3998 1041 im-

2415 1072 2676 1143 κρατοῦν,
2733 1073 2823 1128 ἀεὶ
2864 1075 3244 1144 διαφαίνεσθαι
3303 1079 3539 1147 πέφυκε,
3577 1079 3861 1134 καλύπτον
3907 1081 3999 1134 τοῦ

2415 1166 2829 1235 παρακειμένου
2890 1167 2990 1237 τὴν
3041 1169 3318 1242 αἴσθησιν.
3366 1171 3591 1242 Ἡδονῆς
3646 1169 3741 1227 οὖν
3768 1173 3861 1227 διὰ
3903 1175 4000 1245 τὴν

2415 1257 2708 1324 φιλαυτίαν
2737 1259 3202 1331 ἀντιποιούμενοι,
3235 1265 3330 1318 καὶ
3364 1265 3560 1336 ὀδύνην
3578 1267 3666 1320 διὰ
3699 1268 3799 1338 τὴν
3834 1268 4002 1338 αὐτὴν

2415 1347 2600 1401 αἰτίαν
2629 1351 2792 1402 πάλιν
2828 1352 3050 1420 φεύγειν
3091 1357 3509 1421 σπουδάζοντες,
3542 1357 3640 1420 τὰς
3680 1359 4000 1428 ἀμυθήτους

2415 1439 2526 1492 τῶν
2560 1441 2905 1510 φθοροποιῶν
2940 1445 3132 1498 παθῶν
3159 1447 3485 1519 ἐπινοοῦμεν
3513 1451 3783 1519 γενέσεις.

2486 1698 2578 1752 νδ’.
2617 1700 2832 1768 Ἀγνοεῖ
2881 1719 2968 1766 τις
3019 1704 3119 1776 τὴν
3159 1708 3283 1762 καθ’
3315 1710 3510 1783 ἡδονὴν
3547 1716 3644 1766 καὶ
3677 1715 3877 1788 ὀδύνην
3906 1719 4002 1789 τῆς

2417 1789 2727 1860 αἰσθήσεως
2757 1795 2977 1865 πεῖραν,
3017 1796 3150 1851 ὅταν
3177 1799 3256 1871 τῷ
3283 1802 3404 1874 Θεῷ
3427 1803 3506 1875 τῷ
3531 1805 3702 1869 ὅντως
3729 1809 4002 1880 ἀγαπητῷ

718 1895 1053 1958 desiderato,
1082 1894 1358 1965 corporali
1388 1893 1538 1948 omni
1573 1892 1774 1947 allectu
1815 1906 1880 1945 ae
1909 1889 2145 1944 libidine
2177 1887 2303 1943 libe-

2416 1883 2510 1973 καὶ
2538 1884 2757 1956 ἐραστῷ
2783 1890 2877 1942 καὶ
2901 1889 3081 1962 ἐφετῷ
3109 1894 3412 1969 προσδήσῃ,
3446 1899 3650 1967 μᾶλλον
3675 1900 3733 1953 δέ
3762 1877 4004 1973 mnf-jar;

722 2003 866 2053 rum,
903 1986 1240 2058 dejunxerit.
1287 2001 1386 2042 seu
1431 1985 1604 2056 magis
1653 1981 2138 2054 conglutinaverit,
2187 1981 2308 2035 aui-

722 2096 898 2135 tuum.

792 2170 882 2224 55.
903 2167 1374 2236 Quemadmodum
1408 2166 1526 2222 ﬁeri
1553 2181 1661 2221 non
1691 2174 1890 2236 potest,
1918 2175 1979 2220 ut
2003 2165 2130 2236 quis
2149 2163 2310 2219 aliter

722 2276 920 2330 purum
952 2261 1062 2315 Deo
1089 2261 1300 2315 cultum
1331 2259 1616 2323 adhibeat,
1646 2257 1778 2327 quin
1818 2257 2040 2328 penitus
2063 2256 2307 2312 animum

720 2352 984 2407 emundet
1015 2371 1026 2406 :
1054 2353 1135 2408 sic
1165 2368 1269 2407 nec
1295 2361 1564 2407 creatura:
1599 2352 1807 2406 servire
1840 2357 2040 2420 potest,
2081 2351 2215 2420 quin
2249 2365 2310 2406 se

721 2445 942 2514 corpori
995 2445 1331 2516 diligentiori
1377 2461 1509 2500 cura
1556 2443 1838 2515 impendat
1885 2461 1898 2497 :
1949 2458 2062 2513 quo
2110 2458 2309 2512 nempe

723 2537 908 2600 homo,
941 2537 1235 2592 exitiosum
1258 2551 1490 2605 corpore
1519 2536 1728 2589 cultum
1763 2549 2054 2604 peragens,
2075 2535 2308 2604 ejusque

723 2628 934 2682 ratione
974 2628 1059 2682 sui
1100 2627 1213 2696 ipse
1247 2641 1311 2680 ac
1355 2625 1655 2680 carnaliter
1695 2639 1923 2688 amans,
1969 2623 2306 2692 voluptatem

715 2721 919 2791 jugiter
971 2721 1244 2790 vigentem
1295 2727 1460 2788 atque
1495 2717 1744 2772 dolorem
1797 2715 2069 2780 habebat,
2113 2715 2307 2770 inobc-

719 2811 942 2865 dieutia:
989 2825 1205 2879 semper
1237 2810 1385 2880 ligno
1429 2822 1687 2872 vescens;
1728 2807 1875 2876 quod
1916 2807 2131 2862 scilicet
2177 2806 2307 2862 boni

719 2918 785 2957 ae
835 2904 964 2957 mali
1021 2902 1363 2958 commistam
1418 2916 1636 2970 semper
1684 2916 1884 2956 sensus
1928 2899 2309 2969 experimento

719 2993 1006 3048 scientiam
1052 2993 1303 3048 haberet.
1354 2993 1468 3048 Nec
1514 2993 1655 3046 forte
1686 3007 1718 3046 a
1761 3006 1894 3045 vero
1926 2990 2306 3055 aberraverit,

717 3085 812 3155 qui
845 3084 1014 3148 dicat,
1045 3085 1253 3155 lignum
1295 3084 1542 3139 scientias
1581 3083 1712 3138 boni
1740 3089 1797 3136 et
1823 3081 1952 3135 mali
1995 3091 2308 3137 creaturam

2413 1971 2507 2026 τὸν
2533 1973 2681 2041 νοῦν,
2712 1977 2815 2048 τῆς
2863 1983 3189 2054 σωματικῆς
3217 1987 3514 2058 γενόμενον
3547 1989 3841 2064 ἐλεύθερον
3878 1971 4004 2064 eis;

2415 2080 2578 2129 σεως.

2485 2164 2578 2250 νεπ
2607 2160 2818 2234 Ὠσπερ
2867 2164 2927 2217 οὐ
2961 2165 3187 2221 δύναταί
3240 2187 3324 2234 τις
3356 2172 3532 2237 ἄλλως
3582 2174 3872 2246 λατρεύειν
3924 2181 4006 2250 τῷ

2413 2248 2534 2321 Θεῷ
2569 2252 2852 2324 καθαρῶς,
2887 2257 2961 2328 μὴ
2987 2257 3086 2329 τὴν
3113 2259 3291 2331 ψυχὴν
3319 2263 3490 2334 ἄρδην
3513 2267 3888 2339 ἐκκαθαίρων·
3913 2248 4006 2323 ού-

2413 2358 2522 2406 τως
2563 2343 2687 2397 οὔτε
2717 2348 2782 2416 τῇ
2813 2349 2990 2402 κτίσει
3018 2349 3326 2424 λατρεύειν,
3366 2356 3442 2427 μὴ
3473 2357 3535 2410 τὸ
3558 2359 3720 2429 σῶμα
3750 2379 4006 2433 περιποι-

2411 2435 2644 2506 ούμενος
2672 2439 2791 2510 (ηι)·
2833 2441 2955 2495 καθ’
2987 2444 3016 2497 δ
3053 2445 3216 2516 σῶμα
3242 2449 3342 2520 τὴν
3373 2450 3699 2522 φθοροποιὸν
3732 2457 4009 2510 ἐπιτελῶν

2412 2527 2670 2599 λατρείαν
2697 2535 2726 2586 ὀ
2753 2533 3063 2606 ἄνθρωπος,
3098 2540 3193 2594 καὶ
3223 2545 3346 2596 κατ’
3373 2543 3508 2598 αὐτὸ
3541 2548 3839 2618 γενόμενος
3880 2549 4005 2619 φῦ.-

2413 2638 2597 2690 αυτος,
2630 2624 2826 2697 ἡδονὴν
2857 2626 3004 2700 εἷχεν
3029 2633 3326 2698 ἀπαύστως
3373 2638 3466 2690 καὶ
3510 2639 3706 2712 ὀδύνην
3743 2645 4006 2714 ἐνεργοτ-

2417 2717 2609 2805 μένην,
2639 2720 2837 2775 ἐσθίων
2870 2725 2961 2777 ἀεὶ
2988 2726 3054 2778 τὸ
3082 2727 3241 2793 ξύλον
3267 2731 3368 2801 τῆς
3397 2736 3709 2806 παρακοῆς,
3740 2737 3805 2791 τὸ
3834 2739 4005 2792 καλοῦ

2413 2827 2472 2862 τε
2509 2811 2603 2864 καὶ
2633 2814 2828 2879 κακοῦ,
2860 2817 3002 2870 κατά
3057 2821 3255 2876 ταύτὸν
3305 2827 3657 2898 μεμιγμένην
3709 2831 3853 2882 κατᾶ
3903 2832 4008 2902 τὴν

2414 2902 2671 2973 αἴσθησιν
2701 2906 2790 2961 διὰ
2822 2909 2921 2979 τῆς
2952 2912 3148 2983 πείρας
3174 2914 3298 2985 ἔχον
3327 2917 3426 2988 τὴν
3453 2919 3676 2986 γνῶσιν.
3713 2923 3827 2976 Καὶ
3854 2924 4005 2994 τάχα

2413 2996 2572 3063 ξύλον
2602 2995 2745 3054 εἶναι
2776 3004 3022 3070 γνωστὸν
3049 3006 3218 3060 καλοῦ
3255 3009 3350 3062 καὶ
3375 3010 3641 3082 πονηροῦ,
3681 3014 3783 3085 τὴν
3815 3033 4008 3083 gann-

2417 3090 2587 3162 μένην
2637 3095 2818 3146 κτίσιν
2871 3097 3043 3150 εἰπών
3093 3115 3201 3164 τις,
3260 3102 3361 3172 οὐχ
3397 3101 3712 3174 ἁμαρτήσει
3741 3107 3843 3178 τῆς
3870 3108 4008 3179 ἀλη-

717 3190 840 3230 εεεε
879 3176 1056 3231 oculis
1085 3176 1388 3245 subjectam
1413 3193 1427 3242 ;
1455 3174 1603 3244 quod
1629 3188 1829 3242 nempe
1854 3173 1945 3228 illa
1976 3172 2026 3226 vi
2052 3173 2303 3242 volupta-

2414 3182 2565 3285 θείας
2584 3202 2608 3285 ᾳ·
2640 3186 2838 3285 ἡδονῆς
2861 3189 2971 3261 γὰρ
3006 3190 3103 3244 καὶ
3131 3191 3326 3264 ὀδύνης
3356 3172 3646 3268 ποιητικήν
3689 3172 3811 3269 ιχεὶ
3841 3172 4009 3270 φυοὲ.

719 3268 791 3323 ιίε
819 3275 984 3338 atque
1020 3267 1229 3322 doloris
1261 3265 1565 3332 eﬂ‘ectrice,
1596 3264 1757 3336 523
1787 3279 1855 3320 eo
1883 3264 2031 3335 quod
2067 3265 2304 3335 percipi-

720 3370 841 3425 tur,
872 3371 1068 3414 natura
1100 3359 1326 3430 pnedita
1360 3359 1452 3413 sit.

789 3453 877 3506 56.
913 3451 1014 3506 Ubi
1066 3467 1176 3504 non
1221 3451 1533 3506 obtineLac
1554 3449 1876 3505 dominatur
1907 3449 2071 3514 ratio,
2107 3463 2306 3504 sensus

717 3544 874 3614 vigor
921 3554 978 3600 et
1027 3544 1323 3614 imperium
1377 3545 1470 3598 cui
1516 3542 1806 3598 commista
1848 3551 2014 3611 atque
2047 3549 2303 3595 conserta

718 3636 928 3706 peccati
961 3635 1066 3700 vis,
1097 3645 1301 3706 praesto
1326 3650 1449 3690 esse
1479 3635 1652 3700 solet;
1686 3633 1985 3704 voluptatis
2019 3631 2301 3697 illecebra,

715 3730 782 3784 ad
814 3729 996 3784 carnis
1029 3744 1135 3784 una
1165 3727 1520 3783 subsistentis
1544 3742 1721 3798 eoque
1749 3726 1957 3790 allinis,
1993 3725 2306 3780 miseratio-

717 3837 842 3876 nem
873 3821 1118 3891 proclive
1143 3821 1388 3874 animum
1428 3821 1655 3874 trahens
1691 3837 1703 3872 :
1738 3834 1840 3889 pro
1873 3819 2034 3888 cujus
2065 3819 2299 3884 ratione,

717 3921 975 3980 tauquam
1011 3925 1152 3980 opus
1174 3911 1225 3964 ei
1254 3910 1526 3973 naturale,
1554 3909 1808 3963 vitiosam
1842 3923 1908 3963 ac
1933 3908 2300 3978 voluptariam

715 4019 812 4057 seu
845 4001 1202 4056 libidinosam
1228 4001 1414 4056 carnis
1441 4016 1630 4055 curam
1658 4015 1964 4066 assumens,
1999 4015 2028 4054 a
2053 4001 2164 4053 vita
2199 4015 2299 4053 na-

716 4094 876 4148 turali
927 4093 1202 4157 abducit,
1250 4101 1554 4161 auctorque
1600 4092 1679 4146 illi
1735 4101 1852 4157 εει,
1912 4101 1974 4146 ut
2021 4091 2126 4146 sibi
2181 4092 2300 4160 ipse

715 4185 1006 4255 pravitatis
1033 4199 1099 4238 ac
1125 4184 1370 4249 malitiae,
1397 4199 1520 4254 quae
1549 4201 1653 4239 nec
1704 4199 1833 4239 vere
1860 4192 1968 4249 est,
1997 4183 2300 4238 fabricator

711 4277 961 4331 exsistat.
1972 4343 1978 4348 -

784 4371 873 4426 57.
905 4371 1087 4425 Animi
1116 4369 1474 4440 intelligentis
1496 4369 1692 4422 vitium
1717 4385 1780 4423 ac
1800 4368 2042 4438 pravitas
2064 4379 2169 4434 est,
2195 4384 2296 4422 na-

713 4461 972 4517 turalium
1004 4461 1278 4516 bonorum
1307 4461 1536 4526 oblivio,
1561 4476 1630 4514 ex
1660 4459 1955 4514 libidinosa
1988 4459 2043 4513 in
2071 4475 2294 4513 carnem

713 4553 1094 4622 mundumque
1118 4551 1410 4606 aﬂectione
1443 4550 1776 4621 proveniens
1795 4566 1812 4615 ;
1833 4564 1998 4619 quam
2015 4549 2162 4604 delet
2187 4549 2297 4618 spi—

714 4647 859 4701 ritali
899 4645 1132 4701 scientia
1155 4643 1431 4714 imperans
1465 4657 1566 4712 pro
1600 4641 1760 4695 ducis
1784 4655 2010 4695 munere
2044 4640 2207 4703 ratio,
2229 4655 2294 4694 ac

712 4739 902 4794 mundi
941 4737 1238 4807 carnisque
1276 4745 1460 4790 ortqu
1498 4743 1861 4803 naturamque
1899 4741 2174 4797 scrutaris,
2207 4741 2293 4786 at-

712 4849 820 4903 que
865 4831 933 4885 ad
961 4831 1198 4896 allinem,
1240 4845 1430 4884 earum
1457 4845 1641 4884 rerum
1668 4845 1789 4898 qua:
1818 4825 1935 4882 sola
1956 4835 2139 4881 mente
2171 4840 2296 4895 per-

711 4926 1017 4995 cipiuntur,
1079 4924 1360 4994 regionem
1414 4922 1727 4993 proveheus
1763 4935 1828 4975 ac
1883 4920 2143 4984 minans,
2197 4918 2292 4973 ubi

713 5019 864 5072 nulla
895 5017 1144 5072 excurrit
1180 5025 1279 5070 aut
1323 5016 1521 5083 transit
1564 5014 1776 5085 peccati
1823 5015 1940 5079 lex;
1986 5030 2149 5082 quam
2177 5014 2291 5084 jam

713 5108 1180 5174 sensus'delieiat,
1207 5109 1394 5180 pontis
1423 5109 1600 5163 instar
1625 5107 1693 5162 ad
1723 5115 1961 5161 mentem
1986 5122 2107 5160 eam
2136 5105 2292 5175 traji-

624 5240 632 5247 -
711 5207 894 5271 ciens;
924 5206 1045 5276 ejus
1071 5205 1283 5261 scilicet
1307 5220 1433 5289 cpm
1461 5203 1647 5258 animo
1676 5202 1789 5274 jam
1813 5202 2081 5257 dissoluta
2102 5218 2295 5258 neces-

710 5297 955 5352 situdine
978 5339 992 5362 ,
1031 5297 1259 5368 ipsoque
1299 5298 1599 5354 sensilibus
1630 5296 1958 5366 spectaculis
1995 5297 2245 5366 projecto
2275 5312 2288 5349 :

711 5405 947 5461 quorum
993 5406 1148 5444 mens
1189 5388 1509 5442 habitudine
1540 5397 1704 5457 atque
1749 5396 1944 5442 natura
1991 5388 2288 5459 superatis,

711 5497 782 5538 ne
811 5498 1041 5554 prorsus
1060 5481 1284 5552 quidem
1322 5480 1514 5535 sentit.

779 5663 875 5736 (ut)
912 5663 1008 5730 Μὴ
1039 5661 1302 5736 τὸᾼσῶμα
1333 5661 1846 5736 περιποιούμενος.
1873 5659 2085 5731 Ubique
2112 5663 2166 5716 in
2204 5663 2287 5716 ni-

707 5730 879 5792 mium
906 5732 1153 5803 corporis
1185 5730 1731 5803 amorém,illiusque
1757 5746 1944 5803 curam
1979 5730 2088 5803 non
2109 5749 2176 5785 ex
2202 5750 2288 5786 ra-

709 5810 861 5862 tione
891 5801 1034 5874 (quae
1065 5804 1153 5857 illa
1181 5803 1372 5856 vitiosa
1399 5801 1667 5874 φιλαυτία
1691 5803 1794 5868 εει)
1822 5802 1988 5854 rel'ert
2021 5802 2288 5874 Maximus

713 5878 844 5934 vitia
881 5871 1122 5942 reliqua;
1155 5885 1208 5931 et
1241 5874 1349 5940 hic,
1394 5871 1539 5942 quod
1578 5872 1703 5943 quis
1737 5879 2002 5927 creaturae
2052 5873 2276 5930 serviat.

2411 3275 2524 3341 κῶς
2546 3279 2647 3348 τὴν
2679 3280 3002 3352 μετάληψιν.

2478 3467 2584 3525 νς’.
2626 3461 2796 3516 Ἔνθα
2826 3463 2982 3533 λόγος
3008 3467 3070 3521 οὐ
3097 3472 3322 3540 κρατεῖ,
3383 3471 3445 3524 τὸ
3472 3472 3594 3524 κατ’
3611 3472 3779 3544 αῐσθη
3791 3491 3879 3527 σιν
3907 3477 4010 3528 πέ-

2407 3567 2578 3619 φυκεν
2621 3553 2963 3623 ἐπιγίνεσθαι
3008 3558 3212 3629 κράτος
3237 3601 3251 3622 ,
3312 3562 3371 3614 ἐν
3397 3555 3444 3630 ᾧ
3468 3564 3569 3634 τῆς
3591 3565 3873 3635 ἁμαρτίας
3905 3569 4009 3619 πέ-

2405 3644 2611 3714 φυρταί
2665 3663 2782 3708 πως
2814 3647 2847 3717 ή
2879 3647 3132 3718 δύναμις,
3197 3651 3334 3721 πρὸς
3359 3647 3542 3707 οἶκτον
3572 3654 3669 3724 τῆς
3699 3656 4010 3723 συγγενοῦς

2406 3735 2613 3806 σαρκὸς
2645 3737 2771 3791 καθ’
2793 3739 3092 3794 ὑπόστασιν
3111 3783 3127 3808 ,
3156 3742 3256 3814 τὴν
3280 3743 3460 3816 ψυχὴν
3484 3745 3551 3798 δι’
3571 3746 3769 3816 ἡδονῆς
3799 3748 4010 3800 ὑποσύ-

2405 3842 2576 3898 ρουσα
2596 3843 2612 3858 ·
2669 3829 2792 3882 καθ’
2816 3831 2883 3900 ἢν
2911 3829 2985 3894 ὡς
3013 3832 3176 3900 ἔργον
3203 3836 3343 3906 αὐτῇ
3378 3837 3606 3905 φυσικὸν
3633 3839 4008 3910 ἐγχειρίσασα

2403 3917 2505 3988 τὴν
2552 3919 2778 3990 ἐμπαθῆ
2823 3920 2919 3974 καὶ
2960 3922 3259 3993 καθήδονον
3285 3929 3384 3996 τῆς
3419 3929 3621 4000 σαρκὸς
3648 3930 4004 3999 ἐπιμέλειαν,

2403 4009 2607 4078 ἀπάγει
2637 4011 2739 4082 τῆς
2763 4014 2904 4067 κατὰ
2934 4014 3097 4084 φύσιν
3127 4016 3293 4090 ζωῆς,
3327 4020 3422 4073 καὶ
3449 4020 3626 4075 πείθει
3658 4022 3763 4092 τῆς
3791 4025 4009 4077 ἀνυπο-

2404 4104 2600 4157 στάτου
2635 4104 2836 4169 κακίας
2866 4107 3124 4175 γενέσθαι
3153 4109 3360 4182 ταύτην
3383 4111 3743 4184 δημιουργόν.

2472 4366 2569 4432 νξ’.
2625 4369 2810 4421 Κακία
2838 4369 2955 4422 ἐστὶ
2996 4371 3176 4440 ψυχῆς
3202 4372 3395 4441 νοερᾶς
3419 4412 3433 4435 ,
3485 4372 3520 4442 ἠ
3547 4371 3684 4442 λήθη
3715 4372 3830 4425 τῶν
3859 4378 4012 4428 κατὰ

2399 4459 2564 4529 φύσιν
2597 4460 2802 4524 καλῶν,
2837 4462 2960 4531 ⁴ἣτις
2994 4463 3059 4514 ἐκ
3085 4462 3188 4532 τῆς
3219 4463 3348 4534 περὶ
3371 4461 3470 4532 τὴν
3498 4465 3679 4534 σάρκα
3701 4481 3764 4517 τε
3796 4467 3900 4518 καὶ
3924 4468 4012 4519 κό-

2403 4567 2538 4621 σμον
2568 4591 2584 4615 ,
2640 4551 2926 4621 ἐμπαθοῦς
2959 4555 3268 4621 ἐπιγίνεται
3301 4553 3542 4624 σχέσεως
3571 4593 3587 4618 ,
3641 4555 3712 4626 ἢν
3740 4556 4012 4624 ἀφανίζει

2403 4643 2725 4712 στρατηγῶν
2775 4644 2804 4695 ὀ
2856 4644 3016 4712 λόγος
3067 4645 3186 4698 κατ’
3223 4646 3538 4716 ἐπιστήμην
3588 4649 4009 4719 πνευματικὴν,

2401 4736 2500 4805 τήν
2520 4752 2579 4788 τε
2596 4735 2691 4788 τοῦ
2715 4735 2922 4806 κόσμου
2941 4737 3035 4790 καὶ
3055 4737 3155 4808 τῆς
3172 4738 3373 4810 σαρκὸς
3388 4740 3825 4811 διερευνώμενος
3849 4746 4013 4811 γένε-

2402 4830 2486 4882 σίν
2518 4845 2578 4880 τε
2611 4829 2707 4880 καὶ
2740 4828 2922 4898 φύσιν,
2959 4830 3052 4882 καὶ
3081 4829 3222 4900 πρὸς
3249 4830 3347 4901 τὴν
3376 4833 3614 4903 συγγενῆ
3648 4833 3762 4885 τῶν
3787 4835 4011 4906 νοητῶν

2401 4920 2586 4990 χώραν
2615 4920 2714 4991 τὴν
2739 4919 2919 4990 ψυχὴν
2943 4919 3204 4974 ἐλαύνωνο
3239 4921 3376 4992 πρὸς
3404 4922 3473 4992 ῆν
3498 4923 3761 4992 οὐδεμίαν
3783 4925 3814 4976 ὀ
3834 4925 4011 4994 νόμος

2399 5010 2498 5079 τῆς
2527 5011 2804 5082 ἁμαρτίας
2831 5013 3072 5065 ποιεῖται
3095 5011 3347 5066 διάσασιν
3366 5051 3382 5076 ,
3433 5013 3537 5066 οὐκ
3569 5012 3708 5084 ἔχων
3739 5016 4011 5086 καθάπερ

2401 5107 2649 5178 γέφυραν
2683 5108 2823 5178 πρὸς
2843 5107 2935 5160 τὸν
2961 5107 3087 5162 νοῦν
3117 5108 3542 5174 διαὸιὸἀζουσαν
3569 5110 3736 5165 αὑτὸν
3774 5111 3859 5165 ἐτι
3907 5114 4009 5182 τῆν

2400 5201 2675 5272 αἴσθησιν,
2723 5201 3066 5257 διαλυθεῖσαν
3224 5202 3360 5274 πρὸς
3391 5203 3489 5274 τὴν
3509 5203 3689 5274 ψυχὴν
3720 5205 3873 5258 κατὰ
3905 5205 4012 5276 τὴν

2401 5295 2607 5366 σχέσιν,
2641 5295 2735 5348 καὶ
2763 5297 2875 5358 τοῖς
2901 5295 3180 5366 αἰσθητοῖς
3208 5297 3671 5367 ἐναπορῤιφεῖσαν
3695 5295 4007 5367 θεάμασιν,

2398 5381 2474 5442 ὧν
2500 5386 2694 5450 διαϐὰς
2718 5387 2816 5457 τὴν
2843 5372 3032 5457 σχέσιν
3061 5386 3158 5440 καὶ
3182 5386 3282 5457 τὴν
3304 5386 3466 5456 φύσιν
3491 5387 3519 5440 ὀ
3538 5387 3686 5451 νοῦς,
3710 5389 4011 5453 παντελῶς

2390 5481 2498 5534 ὀὐκ
2527 5481 2863 5536 αἰσθάνεται.

2393 5662 2527 5716 Male
2551 5675 2668 5715 rem
2710 5659 2873 5714 Picus
2899 5657 3179 5727 exprimit,
3205 5657 3482 5730 στρατοπε
3499 5657 3757 5730 inservire
3784 5663 4007 5730 nequit,

2392 5733 2494 5785 nisi
2527 5737 2830 5800 prmparato
2850 5731 3000 5798 prius
3027 5745 3261 5800 corpore.
3283 5729 3342 5800 In
3377 5729 3606 5798 reliquis
3638 5729 3806 5784 etiam
3847 5729 4015 5785 labo-

2393 5811 2478 5856 rat
2527 5798 2711 5861 l’ieus,
2765 5815 2884 5871 nec
2910 5800 3052 5854 altos
3093 5798 3310 5855 Maximi
3344 5815 3541 5855 sensus
3585 5801 3808 5871 assequi
3860 5803 4004 5857 satis

2393 5880 2595 5943 potest,
2625 5879 2720 5927 aut
2754 5869 3010 5926 reddere.
