4192 6436
714 398 850 462 1203

1880 395 1940 457 S.
1984 399 2270 458 MAXIMI
2312 400 2824 462 CONFESSORIS

3839 403 3975 466 1211

711 524 1001 581 pravorum
1037 518 1283 563 motuum
1333 516 1497 576 atque
1550 522 1776 576 operum
1829 509 2114 572 memoria,
2163 509 2284 561 ani-

2395 513 2454 563 ἐκ
2500 513 2600 580 τῆς
2640 511 2840 582 σαρκὸς
2887 511 3139 580 πονηρῶν
3170 513 3491 582 κινημάτων
3519 529 3578 565 τε
3629 513 3726 565 καὶ
3750 515 3978 584 ἐνεργη-

710 618 859 655 ιιιυιη
906 600 1210 656 secundum
1242 600 1636 652 conscientiam
1685 598 1959 664 formans;
2010 616 2175 669 quam
2235 601 2281 654 is

708 696 861 750 velut
906 694 1146 748 tunicam
1192 692 1298 744 sibi
1350 691 1687 760 adjacentem
1741 691 2000 745 continue
2064 693 2277 754 videns,

708 789 963 841 vitiorum
993 785 1165 839 fetore
1199 785 1465 853 repletur.
1502 783 1972 849 Quemadmodum
2006 785 2155 838 enim
2181 784 2281 839 abs

709 879 927 948 spiritu,
955 877 1254 931 virtutibus
1304 876 1426 930 aliis
1467 876 1589 929 aliis
1629 891 1696 928 ex
1743 877 1954 930 ratione
1985 877 2277 940 contextis,

709 965 1136 1036 incorruptiouis
1153 967 1347 1020 animm
1372 965 1606 1019 amictus
1624 965 1914 1031 conflatur,
1935 982 2045 1035 quo
2068 967 2278 1030 induta,

710 1060 938 1130 pulchra
988 1060 1163 1113 enitet
1191 1074 1255 1112 ac
1286 1057 1521 1126 gloriosa
1554 1075 1566 1110 :
1606 1058 1685 1112 sic
1726 1069 1784 1113 et
1818 1075 1850 1113 a
1899 1075 2086 1124 carne,
2128 1059 2282 1116 vitiis

708 1150 1164 1220 passionibusque
1196 1148 1314 1201 aliis
1345 1147 1576 1216 aliisque
1609 1157 1754 1201 certa
1799 1149 2156 1218 proportione
2193 1151 2282 1205 in-

710 1244 874 1297 textis
897 1283 911 1306 ,
954 1240 1235 1296 immunda
1264 1241 1513 1310 quzedam
1541 1255 1605 1294 ac
1631 1241 1899 1294 maculata
1929 1243 2114 1296 tunica
2147 1259 2282 1298 eon-

707 1333 903 1402 surgit,
961 1347 1028 1385 ex
1075 1347 1133 1385 se
1185 1333 1428 1384 animum
1478 1332 1867 1396 manifestans,
1920 1333 2195 1403 aliamque
2228 1336 2283 1390 ei

709 1425 940 1479 formam
980 1440 1045 1478 ac
1074 1424 1365 1494 imaginem
1395 1434 1592 1493 praeter
1614 1423 1855 1478 divinam
1888 1425 2154 1479 tribuens.

779 1513 867 1569 62.
911 1514 1148 1568 Firmam
1179 1514 1579 1584 consequentia:
1615 1514 1978 1570 deificationis
2025 1516 2282 1570 fiduciam

710 1605 919 1674 przebet
955 1605 1208 1658 humana:
1236 1612 1465 1668 natura),
1516 1605 1662 1674 quod
1705 1605 1851 1660 Deus
1894 1606 2061 1661 homo
2106 1608 2284 1663 factus

707 1706 825 1762 est;
869 1705 1078 1750 tantum
1120 1697 1240 1766 ejus
1283 1697 1641 1752 humanitatis
1673 1714 1834 1752 causa
1870 1699 2035 1754 deum
2078 1699 2286 1757 faciens

713 1787 1010 1846 hominem.
1052 1797 1318 1857 quantum
1349 1789 1464 1857 ipse
1500 1788 1665 1842 homo
1691 1789 1869 1844 factus
1897 1801 2003 1844 est.
2032 1791 2165 1846 Nam
2193 1794 2284 1864 qui

711 1879 829 1932 sine
872 1887 1098 1948 peccato
1139 1878 1316 1933 factus
1348 1889 1430 1932 est
1459 1879 1642 1943 homo,
1684 1880 1843 1950 525
1883 1883 2022 1936 citra
2066 1900 2284 1939 omnem

713 1972 1072 2027 mutationem
1101 1972 1156 2026 in
1185 1973 1467 2035 deitatem,
1515 1981 1764 2026 naturam
1802 1974 2079 2030 deificabit
2117 1995 2129 2029 :
2164 1987 2286 2031 tan-

713 2073 938 2134 tumque
975 2075 1197 2134 propter
1225 2081 1284 2120 se
1310 2065 1593 2133 provehet,
1624 2074 1888 2134 quantum
1941 2084 1999 2121 se
2044 2068 2159 2137 ipse
2190 2068 2288 2122 ho-

713 2155 876 2210 minis
912 2155 1084 2226 gratia
1136 2155 1377 2210 demisit.
1431 2155 1598 2224 quue
1645 2157 1872 2226 mystice
1903 2157 2108 2212 docens
2169 2175 2285 2214 ma-

712 2262 853 2313 gnus
884 2246 1198 2316 Apostolus,
1236 2246 1394 2310 ait“,
1429 2245 1482 2299 in
1515 2247 1728 2301 saeculis
1748 2249 2285 2317 supervenientilms,

713 2337 1144 2392 manifestandas
1192 2337 1248 2391 in
1289 2338 1450 2392 nobis
1479 2339 1959 2408 supereminentes
1987 2341 2083 2394 Dei
2124 2343 2285 2396 boni-

713 2433 843 2488 tatis
870 2433 1109 2489 divitias.

782 2525 870 2581 65.
910 2526 1068 2579 Ratio
1100 2539 1199 2594 pro
1246 2524 1475 2594 imperio
1503 2525 1640 2580 iram
1687 2541 1885 2595 regens
1915 2542 1979 2581 ae
2011 2529 2286 2598 cupidita-

713 2627 844 2685 tem,
867 2619 1102 2672 virtutes
1147 2617 1288 2686 parit
1318 2635 1332 2670 :
1364 2633 1627 2687 mensque
1674 2619 1916 2672 rationes
1952 2620 2284 2689 intelligens,

712 2726 898 2766 rerum
935 2709 1280 2763 conditarum
1321 2720 1522 2763 certam
1561 2709 1926 2779 cognitionem
1961 2713 2156 2780 carpit.
2185 2713 2288 2768 Ubi

712 2798 879 2870 igitur
906 2800 1066 2863 ratio,
1099 2800 1330 2870 objectis
1373 2800 1686 2862 contrariis,
1717 2800 1865 2870 quod
1912 2811 2105 2857 natura
2136 2819 2289 2858 ama-

711 2893 823 2947 bile
879 2901 996 2956 cst,
1052 2891 1359 2957 invenerit;
1399 2907 1662 2962 mensque
1717 2892 1802 2946 his
1857 2895 2129 2962 superatis
2170 2911 2291 2964 qua:

711 2984 944 3041 scientia
994 2993 1339 3048 noscuntur,
1389 2984 1564 3052 ipsum
1607 2999 1788 3037 rerum
1844 2985 2176 3049 Auctorem,
2207 3002 2294 3040 es-

711 3076 946 3131 sentiam
987 3092 1204 3130 omuem
1239 3091 1302 3130 ac
1355 3076 1641 3131 scientiam
1687 3077 2066 3141 excedentem,
2098 3094 2294 3146 appre-

2387 605 2572 672 μάτων
2631 604 2730 672 τὴν
2768 603 2946 671 ψυχὴν
2971 643 2985 666 ,
3037 602 3153 666 ἕξις
3183 621 3240 656 τε
3273 605 3369 656 καὶ
3397 604 3659 668 διάθεσις,
3696 606 3767 674 ἢν
3791 606 3978 675 ὁρῶσα

2382 696 2671 758 διαπαντὸς
2720 696 2972 766 καθάπερ
3003 695 3209 765 χιτῶνά
3236 713 3363 748 τινα
3407 697 3537 764 περὶ
3583 698 3807 766 ἑαυτὴν,
3851 698 3978 752 δυα-

2380 788 2547 849 ωὸίας
2572 787 2874 856 πληροῦται
2900 789 3103 842 παθῶν.
3137 788 3226 851 Ὧς
3242 787 3351 857 γάρ
3380 789 3488 840 ἀπὸ
3515 788 3609 840 τοῦ
3639 789 3976 856 πνεύματος,

2381 877 2469 930 διὰ
2487 877 2596 929 τῶν
2612 877 2820 947 ἀρετῶν
2835 879 3092 947 ἀλλήλαις
3109 877 3251 930 κατὰ
3277 878 3435 945 λόγον
3463 879 3970 946 σδ-Λιφαινομένων,

2382 971 2690 1040 ἀφθαρσίας
2736 971 2945 1038 γίνεται
2990 973 3059 1041 τῇ
3085 972 3230 1040 ψυχῇ
3283 970 3491 1038 χιτὼν,
3541 971 3600 1023 ὃν
3635 973 3978 1040 ἐνδυσαμένη

2380 1062 2591 1130 γίνεται
2612 1061 2751 1132 καλὴ
2789 1064 2881 1114 καὶ
2905 1062 3167 1127 ἐπίδοξος·
3197 1060 3341 1114 οὕτω
3364 1062 3459 1114 καὶ
3482 1062 3590 1115 ἀπὸ
3616 1062 3718 1130 τῆς
3753 1063 3980 1132 σαρκὸς,

2381 1158 2488 1212 τῶν
2513 1158 2703 1212 παθῶν
2724 1159 2974 1229 ἀλλήλοις
3003 1159 3142 1211 κατά
3159 1158 3450 1225 ἀναλογίαν
3470 1160 3980 1227 συνυφαινομένων,

2382 1252 2588 1319 γίνεταί
2644 1269 2729 1315 τις
2773 1252 2937 1322 χιτὼν
2996 1252 3304 1322 ἀκάθαρτος
3332 1255 3425 1305 καὶ
3465 1253 3866 1321 ἐσπιλωμένος.
3923 1254 3982 1318 ἐξ

2383 1343 2576 1396 ἑαυτοῦ
2598 1343 2808 1406 δεικνὺς
2838 1343 3111 1414 γνώριμον
3131 1346 3231 1413 τὴν
3249 1345 3425 1414 ψυῄν
3454 1345 3548 1412 (ol,
3575 1344 3794 1414 μορφὴν
3815 1345 3985 1414 ἀλλην

2383 1437 2519 1506 αὐτῇ
2552 1438 2644 1489 καὶ
2672 1437 2857 1490 είκόνα
2888 1437 3038 1505 παρὰ
3066 1436 3164 1506 τὴν
3189 1437 3339 1488 Θείαν
3369 1437 3679 1505 ἐνθέμενος.

2453 1527 2555 1597 ξβ¹.
2592 1527 2794 1581 Βεϐαία
2826 1527 3011 1591 πίστις
3037 1527 3154 1580 ἐστὶ
3179 1527 3278 1596 τῆς
3304 1527 3441 1597 πρὸς
3465 1528 3733 1581 ἑκθέωσιν
3759 1528 3977 1593 9.35%;

2382 1621 2449 1688 τῇ
2479 1616 2640 1686 φύσει
2668 1615 2776 1668 τῶν
2803 1613 3138 1687 ἀνθρώπων,
3193 1617 3227 1684 ἡ
3255 1614 3350 1667 τοῦ
3373 1615 3508 1668 Θεοῦ
3539 1615 3984 1687 ἐνανθρώπηςις,

2384 1707 2638 1763 τοσοῦτον
2662 1708 2786 1761 θεὸν
2813 1709 3041 1762 ποιοῦσα
3065 1709 3158 1761 τὸν
3183 1708 3493 1780 ἄνθρωπον,
3547 1709 3675 1760 ὅσον
3696 1709 3868 1771 αὐτὸς
3888 1710 3985 1776 γέ-

2385 1819 2540 1870 γονεν
2568 1800 2870 1871 ἄνθρωπος.
2932 1800 2991 1852 '0
3025 1799 3133 1870 γάρ
3164 1800 3331 1869 χωρὶς
3372 1801 3651 1870 ἁμαρτίας
3686 1803 3985 1870 γενόμενος

2387 1894 2672 1962 ἄνθρωπος
2696 1934 2710 1956 ,
2754 1893 2912 1960 δῆλον
2950 1895 3032 1945 ὅτι
3065 1893 3232 1962 χωρὶς
3275 1892 3376 1961 τῆς
3430 1895 3509 1955 εἰς
3542 1892 3780 1963 θεότητα
3810 1911 3976 1961 μετα-

2390 1985 2552 2050 ϐολῆς
2581 2025 2596 2048 ,
2652 1985 2749 2055 τὴν
2780 1985 2941 2052 φύσιν
2971 1985 3281 2054 θεοποιήσει
3304 2002 3318 2014 ·
3374 1987 3469 2037 καὶ
3499 1985 3759 2038 τοσοῦτον
3788 1988 3983 2039 ἀναϐι-

2387 2077 2545 2130 ϐάσει
2566 2077 2633 2130 δι’
2656 2076 2867 2137 ἑαυτὸν,
2899 2077 3023 2128 ὅσον
3050 2077 3212 2139 αύτδς
3241 2077 3328 2129 διὰ
3354 2077 3447 2128 τὸν
3469 2077 3761 2147 ἄνθρωπον
3787 2080 3983 2131 ἑαυτὸν

2397 2169 2780 2223 κατεϐίϐασεν.
2837 2170 3015 2239 Ὅπερ
3086 2169 3363 2238 μυστικῶς
3413 2170 3680 2223 ὄ;δάσκων
3733 2172 3763 2224 ὁ
3807 2172 3984 2240 μέγας

2400 2263 2740 2327 Ἀπόστολος.
2774 2265 2970 2335 φησὶν,
3005 2267 3063 2318 ἐν
3091 2268 3202 2330 τοῖς
3230 2267 3390 2321 αίῶσι
3417 2271 3531 2330 τοῖς
3557 2270 3982 2338 ἐπερχομένοις,

2386 2357 2476 2407 τδν
2523 2358 2603 2419 εἰς
2647 2359 2796 2426 ἡμᾶς
2839 2358 3250 2428 ὑπερϐάλλοντα
3298 2359 3528 2414 πλοῦτον
3569 2360 3669 2430 τῆς
3713 2361 3811 2413 τοῦ
3843 2362 3984 2414 Θεοῦ

2387 2446 2756 2517 χρηστότητος
2784 2447 3185 2516 δειχθήσεσθαι.

2458 2537 2558 2603 ET.
2608 2536 2713 2589 Τοῦ
2750 2538 2850 2605 μὲν
2881 2539 3052 2608 θυμοῦ
3087 2541 3181 2594 καὶ
3209 2543 3308 2610 τῆς
3336 2540 3638 2611 ἐπιθυμίας
3669 2543 3987 2594 ἐπιστατῶν

2387 2631 2415 2682 ὀ
2444 2629 2622 2695 λόγος,
2656 2633 2802 2681 ποιεῖ
2834 2630 2932 2692 τὰς
2963 2630 3186 2697 ἀρετάς·
3222 2632 3250 2684 ό
3274 2632 3331 2685 δὲ
3359 2632 3483 2695 νοῦς
3514 2637 3624 2696 τοῖς
3647 2634 3830 2700 λόγοις
3856 2635 3987 2686 ἐπι-

2389 2723 2600 2775 ϐάλλων
2625 2762 2639 2785 ,
2694 2721 2802 2774 τῶν
2848 2723 3152 2790 γεγονότων
3193 2723 3292 2795 τὴν
3324 2725 3626 2779 ἄπταιστον
3657 2726 3988 2792 συλλέγεται

2389 2815 2588 2883 γνῶσιν
2613 2814 2706 2881 (ῃ).
2745 2815 2916 2866 Ὅταν
2956 2810 3049 2867 οῦν
3105 2816 3134 2868 ό
3175 2815 3333 2883 λόγος
3380 2816 3517 2885 μετά
3548 2817 3648 2886 τὴν
3692 2818 3804 2870 τῶν
3833 2818 3986 2870 ἀντι-

2390 2908 2661 2978 κειμένων
2707 2907 2979 2975 ἀποὸολὴν
3002 2947 3016 2970 ,
3073 2907 3208 2978 εὕρῃ
3251 2909 3314 2961 τὸ
3347 2909 3489 2962 κατὰ
3524 2909 3690 2978 φύσιν
3724 2911 3987 2980 ὲραστδν,

2393 3002 2485 3053 καὶ
2512 3002 2541 3053 ό
2567 2998 2691 3060 νοῦς
2728 2997 2865 3067 μετά
2890 2998 2989 3068 τὴν
3018 2998 3127 3051 τῶν
3155 3001 3576 3070 γινωσκομένων
3604 3002 3861 3055 διάϐασιν
3889 3003 3991 3056 λά·-

2393 3092 2553 3159 6ηται
2583 3093 2681 3160 τῆς
2704 3091 2842 3160 ὑπὲρ
2864 3091 3048 3144 οὐσίαν
3089 3092 3181 3144 καὶ
3205 3092 3404 3159 γνῶσιν
3434 3093 3544 3146 τῶν
3571 3095 3741 3147 ὄντων
3767 3095 3987 3160 Αἰτίας,

712 3167 996 3232 Ῑιεηάετίῑὲ
1046 3176 1177 3222 ιυηο
1233 3183 1330 3236 Per
1362 3167 1590 3237 ετοιίειιιι
1617 3208 1632 3232 ν
1691 3168 1864 3222 beam
1917 3168 2282 3222 δοίίίθτηίθηίε
2311 3184 2353 3242 C
2384 3183 2684 3253 τηνικαῦτα
2703 3183 2763 3234 τὸ
2783 3184 2882 3250 τῆς
2910 3182 3158 3246 θεὼσεως
3189 3185 3330 3237 κατά
3359 3185 3517 3255 χάριν
3545 3188 3850 3254 ἐπιγίνεται
3877 3190 3991 3243 πά-

712 3259 913 3330 passio,
947 3275 977 3312 a
1026 3259 1262 3313 naturali
1312 3259 1583 3314 rationem
1632 3259 1964 3314 discretione
2005 3261 2286 3316 abducens

713 3351 830 3417 (ubi
880 3367 988 3406 non
1015 3359 1099 3405 est
1121 3350 1267 3420 quod
1301 3350 1670 3421 discernatur)
1702 3351 1952 3417 accedit;
2003 3354 2286 3423 mentique

711 3440 1076 3495 cessationem
1103 3455 1134 3494 a
1161 3441 1398 3495 naturali
1445 3441 1818 3496 intellectione
1859 3457 1924 3496 ac
1957 3443 2288 3513 cogitatione

715 3532 832 3602 (ubi
887 3548 998 3586 non
1044 3541 1129 3587 est
1173 3532 1318 3602 quod
1378 3534 1778 3603 cognoscatur)
1841 3534 2087 3599 inducit;
2123 3544 2288 3604 atque

712 3624 957 3694 ejusdem
985 3626 1189 3694 quietis
1210 3641 1272 3680 ac
1297 3635 1470 3680 status
1502 3625 1781 3685 firmitate.
1811 3641 1960 3691 eum,
1988 3627 2082 3695 qui
2102 3627 2289 3682 divino

713 3716 912 3787 dignus
934 3719 1213 3772 consortio
1241 3717 1526 3782 habeatur,
1562 3719 1727 3773 deum
1763 3719 1915 3772 facit.

785 3811 874 3865 64.
920 3810 1177 3864 Animum
1225 3811 1568 3882 voluptatum
1603 3811 1862 3866 sordibus
1904 3820 2162 3882 tanquam
2199 3829 2294 3866 ru-

717 3902 895 3974 bigine
935 3902 1230 3968 infectum,
1284 3903 1546 3958 emundat
1578 3903 1769 3968 labor,
1831 3912 2292 3975 terrenorumque

718 4009 944 4064 prorsus
966 3995 1034 4048 ab
1059 4010 1125 4050 eo
1158 3995 1443 4050 libidinem
1471 3995 1706 4059 revellit,
1732 3995 1827 4048 ubi
1864 3997 1930 4059 is,
1957 4011 2066 4065 quo
2092 3997 2293 4051 damno

717 4085 911 4141 alliciat
931 4102 1120 4140 eorum
1145 4102 1319 4148 amor,
1345 4088 1551 4153 saniori
1574 4087 1806 4142 consilio
1825 4087 2102 4143 didicerit.
2125 4089 2294 4157 quue

718 4179 773 4233 in
808 4195 971 4234 causa
1002 4189 1108 4243 est,
1139 4195 1240 4234 cur
1268 4179 1413 4235 Deus
1436 4180 1587 4251 justo
1631 4179 1842 4251 judicio
1873 4180 2128 4235 homines
2151 4182 2296 4235 sinat

716 4287 744 4326 a
777 4270 994 4328 diabolo
1017 4271 1284 4341 torqueri.

788 4363 876 4418 65.
903 4363 1166 4434 Voluptas
1188 4371 1244 4416 et
1266 4362 1440 4427 dolor,
1474 4363 1747 4433 cupiditas
1777 4371 1833 4418 et
1858 4371 2055 4424 metus,
2081 4377 2145 4416 ac
2176 4377 2298 4431 qua:

720 4455 835 4511 haec
859 4456 1212 4520 comitantur,
1256 4471 1366 4510 non
1396 4456 1572 4525 primo
1595 4471 1703 4510 una
1731 4470 1855 4509 cum
1885 4455 2169 4509 hominum
2199 4470 2297 4508 na-

2387 3276 2499 3339 00;,
2534 3275 2628 3328 τδν
2658 3275 2756 3343 μὲν
2790 3274 2947 3342 λόγον
2980 3275 3195 3341 ἀπάγον
3227 3276 3326 3345 τῆς
3357 3279 3593 3346 φυσικῆς
3623 3279 3986 3351 διακρίσεως,

2387 3367 2516 3420 ἔνθα
2549 3367 2610 3420 τὸ
2653 3367 3065 3435 διακρινόμενον
3095 3369 3194 3421 ούκ
3223 3369 3337 3421 ἐστι
3358 3386 3372 3399 ·
3437 3371 3527 3422 τὸν
3558 3371 3614 3423 δὲ
3649 3371 3777 3424 νοῦν
3808 3391 3990 3427 κατα-

2393 3459 2565 3512 παῦον
2592 3460 2691 3528 τῆς
2725 3461 2866 3512 κατᾶ
2899 3459 3058 3528 φύσιν
3091 3461 3350 3528 νοήσεως,
3385 3461 3512 3514 ἔνθα
3547 3463 3619 3534 μὴ
3649 3463 3768 3518 ἔστι
3806 3465 3874 3518 τὺ
3899 3482 3992 3534 γι-

2387 3551 2749 3621 νωσκόμενον,
2785 3552 2878 3603 καὶ
2906 3551 3094 3602 ποιοῦν
3109 3554 3175 3620 τῇ
3194 3552 3333 3604 κατά
3356 3552 3452 3622 τὴν
3479 3554 3666 3607 στάσιν
3690 3556 3992 3630 ταύτότητι

2397 3640 2541 3705 θεὸν,
2575 3641 2667 3694 τὸν
2701 3641 3024 3710 ἀξιούμενον
3055 3641 3156 3710 τῆς
3183 3641 3333 3703 Θείας
3361 3643 3654 3713 μεθέξεως.

2464 3817 2558 3883 ξδ’.
2595 3818 2972 3873 Κατιωθεῖσαν
3005 3819 3103 3890 τὴν
3129 3819 3306 3891 ψυχὴν
3335 3821 3414 3892 τῷ
3445 3823 3602 3894 ῥύπῳ
3635 3826 3736 3892 τῆς
3763 3826 3990 3898 ἡδονῆς,

2392 3910 2764 3980 ἀποκαθαίρει
2790 3911 2980 3975 πόνος,
3039 3913 3133 3964 καὶ
3163 3912 3362 3982 ἀφηλοῖ
3385 3915 3664 3976 παντελῶς
3686 3916 3864 3985 αὐτῆς
3889 3920 3990 3988 τὴν

2395 4003 2578 4072 σχέσιν
2602 4002 2712 4054 τῶν
2735 4002 2956 4066 ὑλικῶν,
2984 4003 3085 4072 τῆς
3113 4003 3251 4074 πρὸς
3275 4005 3413 4059 αὐτὰ
3439 4006 3621 4074 φιλίας
3647 4009 3751 4076 τὴν
3777 4007 3992 4078 ζημίαν

2399 4093 2822 4165 μεταμαθοῦσαν
2869 4092 2978 4165 [σί.
3017 4095 3481 4169 μεταμαθούσης]
3508 4113 3521 4126 ·
3575 4098 3645 4150 δι’
3687 4099 3757 4169 ἦν
3803 4101 3990 4152 αἰτίαν

2395 4186 2424 4238 ὁ
2462 4185 2596 4246 Θεὸς
2640 4187 2917 4254 συγχωρεῖ
2958 4183 3037 4252 τῷ
3065 4185 3295 4255 διαϐόλῳ
3321 4226 3336 4251 ,
3388 4187 3530 4238 κατά
3564 4187 3748 4259 κρίσιν
3769 4189 3991 4243 δικαίαν

2397 4278 2524 4341 τοὺς
2549 4275 2874 4346 ἀνθρώπους
2905 4276 3158 4344 βασάνοις
3187 4278 3560 4342 καταπιέζειν.

2470 4368 2562 4433 ξε’.
2607 4366 2799 4437 Ἡδονὴ
2851 4367 2946 4421 καὶ
2975 4367 3122 4437 λύπη
3147 4407 3163 4430 ,
3218 4368 3483 4437 ἐπιθυμία
3511 4368 3605 4421 καὶ
3635 4369 3802 4437 φόόος
3827 4411 3842 4434 ,
3893 4387 3990 4424 κα.

2399 4457 2468 4512 τὰ
2509 4457 2722 4520 τούτοις
2763 4458 3006 4528 ἑπόμενα
3029 4497 3043 4522 ,
3099 4461 3164 4529 τῇ
3196 4458 3356 4526 φύσει
3380 4459 3488 4512 τῶν
3512 4460 3821 4530 ἀνθρώπων
3850 4481 3986 4532 προ-

721 4555 840 4602 tura
867 4547 1086 4602 condita
1111 4555 1275 4612 sunt;
1304 4523 1428 4602 nam
1457 4547 1661 4617 alioqui
1683 4548 1749 4600 ad
1781 4555 1988 4600 natura:
2016 4546 2289 4602 definitio-

2402 4548 2720 4618 ηγουμένως
2771 4549 2832 4602 οὐ
2869 4523 3250 4620 *συνεκτίσθηνο
3309 4551 3431 4603 ἐπεὶ
3483 4551 3577 4604 καὶ
3616 4523 3707 4615 ἐἰς
3737 4551 3833 4604 τὸν
3862 4523 3991 4624 ὅρον

719 4655 844 4694 nem
881 4649 1216 4710 spectarent.
1249 4639 1518 4706 Quocirca
1549 4639 1696 4706 dico,
1741 4646 2024 4694 auctorem
2073 4645 2298 4694 secutus

789 4795 836 4826 "
862 4793 1061 4866 Ephcs.
1094 4795 1243 4860 u,.7.

793 4928 865 5001 (ο)
913 4928 1009 4992 Ἐξ
1033 4927 1250 5001 ἑαυτοῦ
1280 4925 1856 5001 ὃεωινὺςᾼτνώρι-ιίιρν
1901 4927 2017 4993 τὴν
2066 4929 2290 5001 ψυχήν.

719 4997 925 5057 ΕιΊιοο
965 5008 1072 5052 lam
1111 4997 1344 5069 clarum,
1387 4999 1461 5051 ita
1491 4998 1654 5051 Picus
1684 5015 1696 5050 :
1724 4999 2022 5069 Ea:__seipso
2058 4999 2298 5053 declarat

720 5069 1039 5142 praclarum
1071 5067 1312 5142 quidem‘
1339 5084 1452 5142 esse
1484 5070 1743 5142 animant.
1801 5067 1998 5142 Htecne
2050 5070 2294 5142 vis,_'_:o'3

719 5137 1028 5210 ἀκαθάρτου
1056 5142 1149 5210 καὶ
1170 5137 1541 5210 ἐσπιλωμένον
1574 5137 1800 5210 χιτῶνος
1823 5153 1838 5168 '
1857 5139 2124 5210 immundi
2150 5139 2296 5194 illius

721 5221 770 5265 et
807 5207 1142 5279 conspurcati
1167 5207 1448 5279 involucri
1500 5226 1562 5262 ac
1613 5207 1766 5278 pallii
1793 5207 2123 5279 ,7declarare
2172 5225 2297 5265 esse

721 5278 1042 5350 prmclaram
1087 5278 1377 5350 animam?
1406 5278 1592 5350 Nugte.
1654 5278 1964 5350 Manifestat
2002 5295 2122 5334 eam
2146 5320 2159 5343 ,
2198 5295 2295 5335 seu

723 5348 905 5406 reddit
953 5349 1300 5404 manifestam
1333 5365 1402 5403 ex
1459 5349 1677 5418 seipso;
1711 5348 1792 5402 sic
1842 5364 2040 5418 nempe
2095 5350 2293 5404 factam

723 5420 1062 5476 immundam
1096 5434 1162 5473 ac
1227 5419 1603 5489 inquinatam;
1651 5433 1772 5488 qua:
1824 5419 1927 5473 sibi
1976 5434 2076 5488 pro
2111 5420 2295 5474 divina

721 5503 942 5562 turpem
976 5491 1124 5545 illam
1152 5489 1382 5562 formam
1413 5489 1814 5562 imaginemque
1838 5489 2142 5562 _i_ndide_rit.
2184 5490 2295 5545 Ma-

724 5557 832 5640 gni:
853 5560 1058 5640 ubique
1079 5575 1204 5614 cum
1245 5561 1362 5640 pari
1394 5557 1594 5640 pietate
1619 5573 1813 5640 se_nsus
1838 5557 2074 5614 Maximi.

799 5630 886 5701 (ρ)
917 5629 1040 5701 Τῶν
1086 5629 1414 5701 Tag-order
1484 5629 1598 5701 τὴν
1653 5629 2002 5701 ἄπταιστον
2047 5629 2291 5696 γνῶσιν.

727 5699 892 5768 QuaSi
927 5700 1136 5768 absque
1164 5700 1277 5754 ullo
1303 5714 1516 5761 errore,
1543 5699 1597 5751 in
1629 5713 1736 5768 qua
1762 5713 1871 5752 non
1899 5699 1971 5754 sit
1994 5700 2296 5769 impingere

727 5781 786 5825 et
813 5770 948 5824 labi.
980 5769 1168 5826 Utitur
1195 5785 1338 5838 saepe
1370 5769 1637 5823 Maximus
1659 5777 1942 5839 procerta
1979 5771 2087 5839 jam
2119 5769 2299 5838 perfe-

732 5852 927 5910 ctaque
962 5839 1213 5908 scientia,
1257 5837 1366 5894 non
1408 5854 1646 5904 morum,
1683 5837 1778 5892 sed
1838 5837 2295 5909 speculabilium;

2404 4639 2471 4693 ἂν
2522 4639 2838 4694 συνετέλουν
2884 4640 2983 4711 τῆς
3023 4639 3238 4710 φύσεως
3261 4638 3356 4712 (q).
3411 4640 3568 4710 Λέγω
3595 4640 3659 4712 δὴ
3705 4643 3866 4712 παρὰ
3895 4643 3989 4698 τοῦ

2401 4930 2479 4984 uti
2508 4930 2595 4984 hic
2618 4930 2807 4984 etiam.
2835 4929 2894 4984 Id
2915 4930 3063 4985 enim
3084 4929 3193 4982 τῶν
3213 4931 3512 4999 γεγονότων
3530 4932 3732 5000 γνῶσις
3757 4951 3772 4964 ·
3799 4933 3992 4989 Scien-

2402 5001 2477 5054 tia
2505 5017 2708 5074 rerum
2744 5017 2772 5054 a
2806 5001 2918 5074 Deo
2944 5001 3328 5074 conditarum;
3354 5003 3534 5074 cujus
3558 5002 3834 5074 perfectio
3869 5007 3990 5074 ipsa

2400 5072 2607 5124 veritas
2632 5079 2688 5125 et
2717 5071 3018 5125 certitudo.
3047 5072 3165 5140 Non
3192 5072 3332 5126 bene
3351 5073 3538 5140 itaque
3561 5071 3754 5134 Picus.
3789 5071 3995 5128 imma-

2401 5139 2636 5194 culatam
2669 5141 2851 5194 reddit
2883 5157 2900 5194 :
2943 5141 3084 5196 forte
3125 5139 3356 5211 llesyeh.
3400 5139 3574 5196 fretus
3599 5182 3615 5202 .
3660 5143 3752 5196 cui
3784 5144 3990 5196 ἀπταί-

2405 5226 2564 5281 στως.
2609 5211 3047 5278 ἀκαταγνὼστως
3085 5221 3191 5271 est,
3242 5211 3522 5281 refertque
3556 5211 3748 5266 Varin.
3784 5229 3986 5267 verum

2401 5280 2456 5333 id
2494 5295 2618 5334 cum
2651 5281 2720 5336 de
2757 5296 2975 5334 morum
3009 5281 3220 5334 offensa
3251 5280 3448 5336 sermo
3478 5282 3569 5336 sit.
3616 5281 3775 5336 Suid.
3802 5283 3990 5336 addu-

2401 5359 2545 5423 ctam
2594 5366 2785 5404 vocem
2828 5367 2936 5423 non
2967 5351 3241 5420 exposuit,
3272 5351 3427 5423 quod
3458 5367 3523 5405 ex
3555 5352 3830 5423 simplicis
3871 5354 3989 5423 ipsa

2403 5421 2640 5478 ratione.
2680 5436 2777 5490 pro
2805 5421 3053 5491 subjecta
3087 5421 3318 5491 materia
3340 5421 3661 5491 exponenda
3694 5423 3788 5476 sit.

2475 5491 2550 5560 ((1)
2591 5494 2694 5555 Εἰς
2714 5491 2820 5542 τὸν
2843 5489 2985 5557 ὅρον
3015 5489 3385 5544 συνετέλουν
3402 5489 3515 5558 τῆς
3534 5493 3795 5558 φύσεως.
3815 5491 3988 5557 Quasi

2403 5561 2882 5622 contribuerentur,
2914 5560 3140 5628 etquod
3166 5561 3444 5630 vulgatius
3493 5562 3812 5630 clariusque
3860 5563 3991 5616 red-

2403 5630 2544 5691 didi,
2575 5640 2896 5700 spectarent,
2932 5632 3256 5700 pertinerent
3276 5629 3346 5682 ad
3370 5639 3572 5684 natura!
3601 5629 3988 5698 deﬁnitionem.

2403 5700 2553 5770 Nihil
2591 5699 2735 5754 "bene
2770 5699 2977 5770 Picus:
3022 5699 3330 5770 EtcnimAad
3359 5700 3519 5768 ﬁnem
3565 5717 3769 5770 quoque
3803 5713 3994 5754 conta-

2407 5769 2606 5824 lissent.
2648 5769 2810 5840 Aliud
2842 5771 2987 5838 ὅρος,
3032 5771 3175 5840 alius
3223 5767 3396 5840 ﬁnisi:
3425 5770 3544 5840 etsi
3575 5767 3716 5840 ’ὅρος
3739 5784 3992 5840 quoque

2406 5840 2658 5896 terminus
2706 5839 2943 5907 dieitur,
2993 5841 3088 5910 qui
3128 5839 3243 5911 ipsa
3270 5839 3520 5896 deﬁnitio
3554 5839 3658 5895 est.
3707 5839 3896 5894 Etiam
3930 5840 3993 5893 τὸ
