4192 6436
251 405 391 473 1205

957 401 1294 464 CAPITUM
1331 397 1754 476 QUINOUIES
1788 397 2310 461 CENTENORUM
2348 398 2734 459 CENTURIA
2774 395 2814 456 Ι.

3365 387 3498 453 Ῑὲθὸ

244 515 508 577 Νυσαέως
559 515 796 586 μεγάλου
844 512 1150 585 Γρηγορίου
1205 511 1433 582 μαθὼν,
1491 513 1573 564 ὅτι
1608 510 1697 562 διὰ
1728 506 1824 578 τὴν

1949 528 2186 584 nagnum
2217 511 2542 581 Gregorium
2574 510 2880 579 Nyssenum
2915 503 3034 577 (lib.
3062 501 3136 557 De
3171 501 3378 569 apiﬁdio
3413 506 3506 556 ho-

242 609 348 678 τῆς
406 609 742 679 τελειότητος
787 607 1100 670 ἔκπτωσιν,
1160 603 1460 674 ἐπεισήχθη
1503 603 1698 662 ταῦτα,
1747 600 1824 670 τῷ

245 701 557 770 ἁλογοτέρῳ
607 699 764 770 μέρει
807 696 1154 768 προσφυέντα
1199 697 1298 765 τῆς
1333 695 1583 764 φύσεως·
1638 694 1704 747 δι’
1726 686 1821 758 ὧν,

243 793 372 845 ἀντὶ
419 795 519 862 τῆς
569 790 842 862 μακαρίας
894 789 989 841 καὶ
1031 787 1180 850 θείας
1218 787 1463 850 είκόνος,
1521 786 1683 848 εὐθὺς
1709 786 1826 857 ἄμα

246 886 318 954 τῇ
346 883 677 952 παραϐάσει,
699 881 961 952 διαφανὴς
985 880 1077 933 καὶ
1105 878 1356 950 ἐπίδηλος
1378 881 1436 932 ὲν
1457 879 1534 950 τῷ
1556 878 1829 950 ἀνθρώπῳ

252 974 480 1042 γέγονεν
526 977 560 1044 ἡ
608 973 718 1026 τῶν
763 972 974 1041 ἀλόγων
1015 969 1170 1035 ζώων
1218 971 1498 1041 ὁμοίωσις.
1538 972 1686 1025 Ἔδει
1723 971 1830 1043 γὰρ

252 1067 358 1138 τῆς
392 1066 553 1131 ἀξίας
593 1066 687 1120 τοῦ
717 1066 875 1132 λόγου
903 1064 1273 1136 καλυφθείσης
1298 1104 1316 1129 ,
1371 1065 1463 1134 ὑφ’
1483 1061 1558 1120 ὧν
1587 1066 1831 1120 ἐπεσπά-

254 1175 394 1211 σατο
425 1160 527 1227 τῆς
559 1157 784 1224 ἀλογίας
813 1157 1207 1226 γνωρισμάτων
1231 1198 1246 1222 ,
1301 1155 1524 1218 ἐνδίκως
1550 1155 1648 1226 τὴν
1673 1155 1833 1222 φύσιν

253 1249 368 1302 τῶν
425 1249 725 1319 ἀνθρώπων
771 1248 1126 1312 κολάζεσθαι⁹
1165 1248 1345 1315 σοφῶς
1373 1249 1452 1310 είς
1481 1246 1834 1318 συναίσθησιν

255 1339 364 1407 τῆς
414 1339 638 1408 λογικῆς
689 1339 1043 1410 μεγαλονοίας
1085 1340 1259 1393 ἐλθεῖν
1299 1338 1708 1410 οἰκονομούντος
1741 1336 1834 1391 τοῦ

254 1430 410 1484 Θεοῦ·
427 1433 518 1485 τὸν
543 1431 852 1503 ἄνθρωπον.

335 1608 443 1674 ξς’.
478 1608 634 1662 Καλά
657 1609 868 1677 γίνεται
897 1610 991 1664 καὶ
1014 1609 1083 1663 τά
1107 1609 1252 1680 πάθη
1284 1611 1342 1663 ἐν
1365 1610 1477 1672 τοῖς
1507 1607 1836 1674 σπουδαίοις,

257 1699 502 1768 ὁπηνίκα
535 1700 712 1769 σοφῶς
740 1701 879 1754 αὐτὰ
905 1700 1012 1753 τῶν
1046 1700 1373 1771 σωματικῶν
1405 1700 1837 1769 ἀποστήσαντες,

262 1790 406 1861 πρὸς
454 1792 556 1861 τὴν
604 1791 715 1845 τῶν
766 1793 1033 1864 οὐρανίων
1080 1791 1586 1863 μεταχειριζὼμεθα
1624 1793 1836 1861 κτῆσιν·

1933 607 2133 676 minis),
2168 621 2236 660 eo
2266 603 2411 672 quod
2446 602 2642 655 amissa
2681 597 2947 670 perfectio
2979 604 3119 659 erat,
3145 593 3506 650 subintrodu-

1933 711 2021 756 cta
2059 700 2192 757 haec,
2227 697 2278 751 ei
2302 695 2470 750 animi
2507 694 2648 763 parti
2674 691 3028 754 cohaerentia,
3064 705 3185 760 qua:
3222 703 3252 742 a
3295 687 3507 741 ratione

1935 791 2203 848 remotior
2236 795 2320 842 est
2353 786 2614 856 :quihus,
2647 785 2768 839 loco
2819 783 2991 838 beatae
3019 782 3330 850 divinzeque
3375 780 3510 832 ima-

1936 885 2100 956 ginis,
2154 882 2338 937 statim
2371 896 2402 935 a
2453 877 2923 949 transgressione,
2960 873 3200 930 dilucida
3252 889 3317 929 ac
3359 872 3509 926 clara

1938 977 2230 1033 brutarum
2262 971 2622 1027 animantium
2654 967 2959 1025 similitudo
2985 967 3040 1020 in
3077 965 3297 1019 homine
3333 962 3508 1020 exsti-

1939 1066 2292 1125 tit.‘Deeebat
2321 1064 2466 1119 enim
2503 1062 2731 1119 rationis
2773 1058 3091 1131 pra'stantia
3127 1057 3180 1109 in
3208 1056 3507 1110 obscurum

1939 1166 2147 1220 coacta,
2202 1156 2398 1210 merito
2445 1153 2631 1224 puniri
2687 1153 2988 1207 humanum
3033 1164 3225 1218 genus,
3261 1146 3326 1201 iis
3375 1161 3511 1215 quas

1941 1248 2228 1308 asciverat,
2277 1251 2488 1298 naturae
2523 1241 2766 1296 carentis
2803 1240 3012 1294 ratione
3041 1239 3221 1301 notis;
3257 1236 3369 1290 Deo
3417 1232 3512 1288 sa-'

1940 1335 2285 1408 pientissime
2338 1333 2688 1401 disponente,
2744 1337 2806 1384 ut
2839 1344 2938 1398 per
2977 1328 3127 1382 hunc
3169 1327 3417 1389 modum,
3452 1325 3508 1379 in

1943 1428 2230 1484 rationalis
2258 1425 2588 1496 praestantia:
2612 1421 2782 1478 animi
2811 1434 3034 1475 sensum
3077 1419 3244 1473 homo
3269 1417 3511 1471 adduce-

1945 1528 2120 1576 retur.

2014 1612 2103 1667 66.
2139 1611 2277 1679 ipsa:
2324 1623 2548 1678 quoque
2582 1606 2904 1676 passiones,
2961 1603 3302 1670 atl‘ectusque
3345 1599 3402 1653 in
3447 1600 3512 1654 iis

1943 1702 2041 1771 qui
2073 1700 2326 1762 studiosi,
2366 1697 2695 1766 honestique
2715 1697 2956 1750 cultores
2982 1703 3131 1756 sunt,
3155 1692 3284 1747 boni
3309 1707 3372 1746 ac
3397 1691 3516 1744 lau-

1946 1794 2158 1850 dabiles
2188 1791 2532 1853 redduntur;
2565 1803 2690 1843 cum
2719 1787 3001 1856 sapienter
3029 1801 3058 1838 a
3088 1785 3370 1854 corporeis
3389 1799 3517 1837 avo-

258 1879 399 1946 οίον,
459 1884 546 1936 ὅτε
579 1884 677 1954 τὴν
707 1885 804 1954 μὲν
835 1884 1150 1954 ἐπιθυμίαν,
1199 1885 1296 1952 τῆς
1323 1884 1512 1953 νοερᾶς
1535 1884 1644 1936 τῶν
1672 1885 1832 1936 θείων

1949 1894 2128 1941 cantes
2153 1884 2220 1937 ad
2245 1879 2612 1951 comparanda
2633 1894 2755 1948 qua
2787 1877 3031 1933 caelestia
3057 1885 3205 1936 sunt,
3237 1890 3334 1928 eos
3357 1890 3518 1928 usur-

262 1972 508 2041 ὲφέσεως
533 1975 819 2046 ὀρεκτικὴν
845 1974 1194 2044 ἐργασόμεθα
1223 1974 1468 2044 κίνησινο
1519 1975 1618 2044 τὴν
1645 1974 1840 2044 ἡδονὴν

261 2064 327 2116 δὲ
352 2105 367 2126 ,
398 2067 498 2135 τῆς
527 2066 619 2118 ἐπὶ
646 2069 761 2128 τοῖς
789 2066 955 2129 θείοις
983 2065 1284 2136 χαρίσμασι
1316 2064 1408 2117 τοῦ
1433 2065 1522 2118 νοῦ
1553 2064 1843 2132 θελκτικῆς

262 2156 545 2226 ἐνεργείας
577 2157 917 2229 εὐφροσύνην
948 2159 1206 2227 ἀπήμονα
1229 2171 1246 2187 ⁸
1300 2157 1393 2210 τὸν
1423 2157 1480 2210 δὲ
1524 2156 1709 2224 φόϐον,
1743 2157 1842 2224 τῆς

264 2245 572 2316 μελλούσης
623 2249 714 2301 ἐπὶ
767 2249 1204 2318 πλημμελήμασι
1249 2248 1519 2317 τιμωρίας
1561 2245 1842 2317 προφυλα-

262 2337 463 2408 κτικὴν
493 2340 808 2408 ἐπιμέλειαν
829 2356 843 2370 ·
897 2341 998 2410 τὴν
1023 2341 1079 2393 δὲ
1107 2341 1285 2410 λύπην
1303 2379 1319 2403 ,
1366 2339 1720 2409 διορθωτικὴν
1750 2338 1842 2391 ἐπὶ

263 2429 503 2500 παρόντι
543 2429 698 2498 κακῷ
737 2431 1122 2501 μεταμέλειαν.
1176 2432 1285 2484 Καὶ
1327 2432 1604 2501 συντόμως
1645 2431 1842 2494 εἰπεῖν,

262 2521 413 2573 κατά
462 2522 588 2584 τοὺς
631 2523 828 2590 σοφοὺς
870 2523 980 2576 τῶν
1027 2523 1249 2594 ἰατρῶν,
1301 2523 1511 2592 σώματι
1539 2519 1842 2591 φθαρτικοῦ

262 2609 436 2680 θηρὸς
488 2611 586 2680 τῆς
627 2611 861 2682 ἐχίδνης,
888 2611 986 2682 τὴν
1014 2610 1177 2665 οὖσαν
1203 2612 1236 2683 ἢ
1269 2611 1652 2682 μελετωμένην
1681 2611 1846 2678 ἀφαι-

268 2700 569 2770 ρουμένους
613 2701 873 2773 λώϐησιν,
922 2705 1037 2765 τοῖς
1067 2702 1264 2756 πάθεσι
1295 2702 1505 2764 τούτοις
1530 2703 1665 2772 πρὸς
1693 2700 1844 2753 ἀναί-

268 2808 423 2861 ρεσιν
461 2791 733 2864 χρώμενοι
775 2793 1060 2865 παρούσης
1084 2793 1284 2856 κακίας
1313 2793 1345 2864 ἢ
1373 2792 1844 2864 προσδοκωμένης,

265 2882 369 2934 καὶ
400 2883 596 2952 κτῆσιν
632 2884 728 2937 καὶ
756 2883 1000 2954 φυλακὴν
1027 2883 1229 2952 ἀρετῆς
1254 2901 1315 2936 τε
1348 2883 1444 2936 καὶ
1467 2882 1740 2950 γνώσεως.

1941 1992 2166 2049 pamas;
2204 1982 2265 2028 ut
2316 1988 2466 2036 cum,
2509 1970 2662 2027 verbi
2697 1968 2895 2040 gratia,
2931 1968 3090 2037 526
3133 1966 3514 2035 cupiditatem,

1941 2069 2143 2123 mentis
2173 2075 2380 2121 motum
2399 2063 2708 2134 appetentis
2731 2061 2915 2116 divina
2943 2061 3206 2115 faciemus
3230 2076 3243 2122 ;
3265 2057 3516 2125 volupta-

1941 2168 2076 2221 tem,
2123 2157 2406 2212 innoxiam
2457 2155 2699 2209 animum
2737 2153 3030 2207 mulcentis
3084 2166 3147 2206 ac
3199 2149 3505 2212 illicientis,

1943 2251 2263 2306 divinorum
2291 2248 2560 2301 donorum
2584 2245 2858 2316 largitate,
2881 2243 3221 2314 operationis
3243 2241 3516 2304 laetitiam,

1947 2351 2176 2403 metum,
2201 2339 2372 2394 futuri
2401 2339 2732 2393 delictorum
2757 2351 2919 2391 causa
2947 2334 3223 2404 supplicii,
3248 2334 3320 2387 ob
3343 2348 3518 2400 eaque

1948 2431 2343 2502 impendentis,
2365 2439 2584 2485 cautam
2611 2428 2990 2498 diligentiam;
3017 2425 3292 2480 tristitiam
3307 2423 3521 2478 animi-

1948 2540 2056 2595 que
2087 2523 2354 2584 dolorem,
2391 2538 2499 2591 qua
2524 2536 2768 2591 przesens
2795 2521 2998 2574 malum
3023 2517 3378 2574 emendemus
3403 2531 3522 2585 pm-

1942 2617 2256 2672 nitentiam.
2293 2616 2495 2684 Atque,
2529 2622 2590 2668 ut
2616 2612 3009 2675 scmeldieam,
3049 2626 3175 2665 cum
3210 2610 3523 2679 sapientum

1944 2707 2284 2762 medicorum
2319 2720 2492 2769 more,
2530 2705 2688 2774 cujus
2716 2705 2770 2756 in
2801 2703 2932 2757 feris
2955 2718 3200 2772 praesens
3238 2714 3515 2756 venenum

1941 2808 2048 2856 est.
2077 2798 2279 2866 viperae
2333 2812 2588 2863 corpore,
2631 2804 2954 2864 przesentem
3000 2810 3096 2848 seu
3140 2793 3518 2848 imminentem

1945 2886 2230 2955 gibberem
2269 2884 2662 2953 depellentium
2686 2925 2699 2944 ,
2749 2884 2834 2937 his
2868 2884 2942 2937 ita
2973 2884 3262 2938 affectibus
3314 2883 3526 2936 utimur

269 2975 467 3030 utillis
489 2985 820 3045 praesentem
849 2977 1118 3031 malitiam
1157 2984 1255 3032 aut
1281 2976 1661 3031 imminentem
1701 2975 2038 3046 perimamus
2096 2994 2161 3033 ac
2206 2987 2320 3033 tum
2355 2978 2614 3032 virtutem
2671 2986 2783 3030 tum
2827 2976 3112 3031 scientiam
3174 2975 3524 3045 acquiramus

266 3080 339 3118 ac
361 3065 761 3120 custodiamus.

347 3156 443 3221 ξςο.
491 3157 550 3210 ὐ
590 3157 689 3225 μὲν
734 3157 834 3226 τῆς
863 3155 1083 3226 πρώτης
1114 3155 1388 3226 Διαθήκης
1418 3156 1600 3225 νόμος,
1630 3153 1721 3208 διὰ
1744 3155 1845 3224 τῆς
1872 3161 1914 3218 C

270 3247 586 3318 πρακτικῆς
614 3247 930 3315 φιλοσοφίας
951 3287 966 3311 ,
1022 3247 1220 3309 παντὸς
1256 3246 1531 3316 μολυσμοῦ
1564 3247 1660 3317 τὴν
1687 3247 1849 3315 φύσιν

269 3337 661 3408 ἀποκαθαίρει.
705 3338 761 3390 '0
789 3338 846 3391 δὲ
875 3338 974 3408 τῆς
1002 3337 1226 3407 Καινῆς,
1274 3337 1360 3389 διὰ
1385 3337 1490 3406 τῆς
1515 3338 1852 3410 θεωρητικῆς

282 3428 672 3498 μυσταγῳγίας
689 3469 704 3492 ,
739 3429 846 3481 ἀπὸ
870 3428 979 3481 τῶν
1006 3429 1334 3497 σωματικῶν
1364 3429 1498 3498 πρὸς
1523 3431 1590 3482 τὰ
1616 3430 1848 3498 συγγενῆ

277 3522 388 3574 σιῶν
435 3521 642 3592 νοητῶν
687 3519 935 3592 θεάματα
960 3560 976 3586 ,
1038 3520 1129 3572 τὸν
1171 3519 1294 3573 νοῦν
1331 3521 1641 3588 γνωστικῶς
1666 3521 1850 3574 ἀναϐι-

277 3611 460 3676 εάζει.

355 3704 458 3774 ξη’.
507 3703 571 3757 Ἦ
605 3703 725 3755 θεία
759 3701 979 3772 Γραφὴ,
1032 3701 1160 3765 τοὺς
1189 3702 1286 3771 μὲν
1316 3703 1720 3772 εἰσαγομένους,
1759 3703 1852 3757 καὶ

279 3795 378 3852 ἐπὶ
419 3796 489 3848 τὰ
526 3795 838 3865 προπύλαιά
870 3811 973 3847 που
1001 3794 1368 3863 τυγχάνοντας
1396 3795 1494 3863 τῆς
1516 3794 1662 3856 θείας
1685 3796 1853 3863 αὐλῆς

279 3887 389 3940 τῶν
412 3886 640 3957 ἀρετῶν,
675 3885 1086 3954 φοϐουμένους
1115 3884 1298 3937 καλεῖ·
1336 3887 1462 3947 τοὺς
1489 3885 1544 3936 δὲ
1576 3888 1853 3954 κτησαμέ-

280 3998 408 4044 νους
453 3981 764 4050 σύμμετρον
805 3980 917 4044 ἐξιν
957 3979 1065 4032 τῶν
1107 3981 1227 4033 κατ’
1250 3983 1448 4052 ἀρετὴν
1475 3981 1645 4050 λόγων
1669 4000 1728 4034 τε
1760 3984 1852 4035 καὶ

282 4073 501 4143 τρόπων
527 4112 542 4136 ,
592 4069 731 4126 οἶδεν
783 4072 1067 4142 ὀνομάζειν
1113 4075 1595 4140 προκόπτοντας·
1653 4076 1779 4137 τοὺς
1799 4075 1854 4126 δὲ

284 4164 406 4218 κατ’
431 4164 600 4234 αὐτὴν
651 4164 965 4233 γνωστικῶς
1015 4165 1114 4235 ήδη
1163 4166 1560 4234 γεγενημένους
1606 4166 1703 4234 τῆς
1748 4167 1854 4218 τῶν

283 4254 494 4324 ἀρετῶν
528 4255 860 4322 ἐκφαντικῆς
887 4254 1141 4323 ἀληθείας
1171 4255 1267 4324 τὴν
1295 4257 1559 4326 κορυφὴν,
1594 4273 1857 4326 προσαγο-

287 4337 436 4410 ρεύει
464 4341 748 4405 τελείους.
767 4341 825 4393 Ὀ
845 4341 1021 4393 τοίνυν
1033 4342 1133 4411 τὴν
1163 4343 1220 4395 ἐν
1244 4344 1355 4403 τοῖς
1372 4343 1601 4396 πάθεσιν
1625 4345 1855 4414 ἀρχαίαν

283 4431 630 4500 ἀναστροφὴν
681 4433 1072 4502 ἀποστραφεὶς,
1125 4434 1216 4486 καὶ
1269 4435 1450 4488 πᾶσαν
1502 4435 1693 4487 ἐαυτοῦ
1758 4435 1854 4505 τὴν

285 4523 528 4576 διάθεσιν
550 4522 638 4576 διὰ
665 4524 756 4576 τὸν
780 4525 942 4592 φόϐον
988 4523 1299 4588 ἐκδεδωκὼς
1336 4529 1445 4588 τοῖς
1485 4525 1648 4589 θείοις
1689 4543 1853 4597 προσ-

285 4613 584 4682 τάγμασιν,
615 4615 823 4678 οὐδενὸς
845 4615 1008 4669 καλοῦ
1025 4617 1132 4668 τῶν
1158 4618 1527 4684 εἰσαγομένοις
1547 4619 1862 4687 πρεπόντων

287 4703 634 4774 καθυστερεί·
669 4703 770 4757 κᾶν
797 4705 950 4758 οὔπω
981 4705 1078 4770 τὴν
1109 4709 1168 4758 ἐν
1190 4707 1411 4776 ἀρεταῖς
1438 4706 1549 4770 ἕξιν
1573 4709 1859 4775 ἐκτήσατο,

293 4794 389 4845 καὶ
431 4793 529 4863 τῆς
582 4795 639 4846 ἐν
680 4797 793 4857 τοῖς
831 4795 1055 4860 τελείοις
1083 4796 1416 4867 λαλουμένης
1454 4798 1645 4866 σοφίας
1674 4798 1864 4864 γέγονε

294 4885 543 4955 μέτοχος.
590 4885 732 4939 Ἀλλ’
763 4886 884 4940 οὐδὲ
934 4888 962 4940 ὁ
1004 4889 1327 4958 προκόπτων
1354 4929 1367 4954 ,
1425 4889 1531 4942 τῶν
1581 4888 1867 4959 ἐπιϐεϐλη-

362 4997 409 5028 ”
443 4996 464 5051 Ι
495 4997 622 5052 Cor.
658 5014 716 5063 ιι,
749 4998 799 5054 6.

292 5109 723 5183 προηγουμένως
755 5126 768 5161 :
800 5125 909 5163 non
928 5111 1082 5183 bene
1105 5112 1167 5165 ab
1193 5114 1342 5166 initio
1376 5129 1394 5166 :
1428 5123 1532 5176 est,
1567 5116 1735 5183 primo
1765 5130 1860 5169 seu

291 5179 586 5251 primario;
627 5179 803 5251 prima
863 5181 1078 5234 scilicet
1127 5183 1494 5237 destinatione
1524 5225 1537 5244 ,
1567 5179 1637 5237 ac
1705 5186 1861 5251 quasi

295 5249 704 5321 Deus__creand_o
732 5249 1035 5321 hominem,
1071 5252 1157 5304 his
1183 5252 1334 5306 illum
1371 5255 1578 5321 stipare
1613 5249 1864 5308 intende-

294 5320 392 5390 rit.
430 5318 897 5390 Negatjlaximus
924 5335 1047 5374 cum
1099 5323 1375 5390 stseno;
1412 5318 1474 5374 ac
1507 5339 1697 5375 verum
1747 5341 1866 5377 om-

292 5389 430 5460 nino
458 5387 529 5441 de
558 5387 849 5460 all‘ectihus
886 5398 943 5444 ut
983 5403 1111 5444 sunt
1135 5387 1265 5446 vere
1332 5392 1475 5459 πάθη
1514 5409 1609 5445 seu
1645 5403 1863 5460 pertur-

294 5457 567 5530 bationes,
603 5458 908 5530 vitiumque
941 5461 1111 5523 olent,
1150 5478 1251 5516 nec
1285 5457 1524 5530 perfecte
1558 5457 1864 5530 subjiciun-

298 5539 398 5600 tur:
424 5527 642 5600 rationi.
681 5527 898 5595 Alioqui
947 5541 1094 5584 certe
1139 5527 1301 5584 etiam
1340 5532 1442 5600 ipsi
1497 5533 1562 5583 ad
1621 5527 1860 5587 hominis

292 5595 670 5669 deﬁnitionem
694 5608 962 5669 spectant,
1005 5615 1114 5654 non
1146 5595 1375 5669 quidem
1400 5602 1500 5654 sul)
1525 5602 1739 5656 formati
1770 5620 1859 5656 ra-

294 5668 447 5720 tione
498 5667 754 5731 hominis,
782 5667 877 5721 sed
913 5677 970 5722 ut
1009 5667 1178 5723 etiam
1223 5672 1421 5724 animal
1463 5671 1712 5728 exsistit:
1758 5689 1862 5728 nec

291 5735 444 5809 enim
480 5736 646 5809 homo
692 5753 866 5809 purus
899 5741 1115 5794 animus
1149 5757 1212 5795 ac
1250 5758 1402 5795 mens
1446 5750 1561 5800 est,
1598 5742 1650 5794 ni
1683 5741 1874 5809 Orige-

293 5807 458 5861 niane
479 5807 688 5863 sentire
725 5807 976 5865 velimus.
1007 5810 1323 5881 Passimque
1367 5813 1629 5866 Maximus
1655 5807 1857 5882 aliique

2019 3157 2106 3211 67.
2132 3156 2338 3210 Prioris
2361 3155 2700 3210 Testamenti
2729 3155 2835 3214 lex,
2853 3170 2952 3224 per
2977 3170 3095 3208 eam
3122 3155 3523 3224 phiIOSOphiam

1950 3264 2073 3318 qua:
2099 3247 2302 3301 actioni
2343 3246 2550 3301 studet.
2588 3248 2655 3300 ab
2688 3247 2837 3298 omni
2865 3245 3026 3300 sorde
3050 3257 3299 3300 naturam
3328 3261 3526 3299 emun-

1950 3340 2061 3394 dat.
2117 3339 2255 3392 Novi
2309 3355 2440 3392 vero
2475 3337 2812 3394 Testamenti
2862 3338 2987 3400 lex,
3047 3337 3529 3406 contemplationis

1953 3431 2260 3486 initiatione
2292 3430 2745 3497 ahstrusioreque
2781 3429 3057 3492 doctrina,
3082 3443 3111 3482 a
3145 3430 3426 3498 corporeis
3459 3431 3527 3484 ad

1951 3520 2132 3575 atiinia
2163 3520 2596 3590 intelligibiliuin
2638 3519 2978 3588 spectacula,
3016 3529 3255 3572 mentem
3303 3519 3530 3586 mystice

1952 3623 2236 3683 promovet
2250 3655 2261 3665 .

2026 3707 2114 3760 68.
2156 3707 2348 3761 Divina
2381 3705 2684 3773 Scriptura,
2708 3720 2802 3759 eos
2827 3705 2920 3774 qui
2945 3704 3302 3767 inducuntur,
3325 3704 3528 3773 quique

1954 3799 2008 3852 in
2037 3798 2324 3852 vestibulis
2353 3796 2553 3850 divin-.e
2586 3795 2852 3849 virtutum
2898 3796 3034 3850 aulre.
3082 3797 3233 3851 velut
3277 3812 3524 3850 commo-

1954 3899 2165 3951 rantur,
2197 3891 2434 3940 timentes
2469 3897 2652 3951 vocat;
2678 3887 2768 3955 qui
2793 3902 2925 3941 vero
2947 3896 3306 3956 temperatum
3333 3889 3525 3941 saltem

1955 3980 2176 4033 virtutis
2205 3979 2478 4032 rationum
2505 3979 2904 4048 modorumque
2936 3978 3182 4032 habitum
3211 3980 3351 4031 nacti
3376 3992 3524 4042 sunt,

1955 4070 2284 4141 proﬁcientes
2329 4072 2469 4124 solet
2497 4071 2778 4139 appellare
2810 4088 2820 4123 :
2860 4071 2953 4138 qui
2983 4071 3219 4139 denique
3251 4071 3314 4124 ad
3349 4070 3528 4140 ipsum

1955 4165 2060 4233 iam
2098 4164 2345 4216 veritatis
2373 4163 2608 4215 virtutes
2641 4162 2986 4230 explanantis
3023 4163 3320 4224 verticem,
3348 4163 3529 4216 scien-

1958 4252 2047 4305 tiae
2066 4251 2217 4304 cultu
2256 4266 2319 4304 ac
2355 4251 2839 4320 contemplationis
2868 4261 3255 4320 proveXerunt,
3281 4251 3531 4322 perfectos

1955 4352 2260 4411 nuncupat.
2308 4344 2410 4408 Qui
2443 4343 2610 4412 igitur
2645 4352 2913 4408 veterem,
2950 4359 3056 4412 qua
3097 4345 3248 4398 vitiis
3291 4344 3534 4398 hauebat

1959 4449 2022 4488 ac
2051 4434 2339 4488 aﬂ‘cctibus
2362 4434 2694 4503 jactahatur,
2725 4437 3197 4489 conversationem
3228 4444 3531 4498 aversatus,

1962 4540 2181 4578 omnem
2204 4525 2374 4578 animi
2402 4525 2685 4588 allectum,
2719 4541 2830 4593 quo
2868 4526 3063 4580 timore
3097 4528 3300 4595 agitur,
3334 4527 3535 4580 divinis

1957 4622 2245 4685 prmeeptis
2276 4616 2517 4679 addixit;
2559 4618 2624 4677 is,
2664 4619 2818 4670 nullo
2850 4617 2976 4670 boni
3014 4634 3236 4687 genere,
3267 4618 3412 4687 quod
3441 4633 3534 4672 eos

1961 4709 2268 4776 deeeatqui
2305 4709 2692 4766 instituuntur.
2732 4708 3014 4772 deﬁcitur;
3045 4710 3258 4763 tametsi
3300 4708 3534 4764 necdum

1963 4799 2180 4852 firmum
2211 4800 2265 4852 in
2292 4801 2595 4853 virtutibus
2624 4800 2872 4854 habitum
2923 4810 3115 4855 nactus
3150 4812 3251 4859 est,
3279 4818 3376 4854 nec
3418 4803 3536 4870 ejus

1964 4890 2246 4959 sapientire
2275 4906 2436 4958 quam
2466 4891 2769 4959 loquuntur
2793 4891 2938 4946 inter
2963 4891 3237 4962 perfectos
3257 4891 3322 4954 ³⁷,
3357 4890 3533 4945 factus

1963 5114 2151 5168 Patres
2208 5114 2402 5168 horum
2461 5116 2741 5182 ἐνέργειαν
2794 5118 2849 5170 in
2889 5119 3110 5172 Christo
3167 5119 3534 5172 necessariam

1963 5185 2324 5240 contendunt.
2370 5195 2430 5238 ut
2455 5190 2654 5239 veritas
2683 5189 2736 5239 in
2763 5203 2829 5240 eo
2854 5197 3058 5241 natura:
3087 5187 3338 5241 ltll'lllﬂllte
3379 5203 3534 5240 mon-

1965 5263 2255 5325 straretur.
2299 5257 2451 5309 biit-nt
2483 5273 2612 5322 ergo
2635 5267 2794 5310 erant
2835 5258 2888 5309 in
2921 5259 3130 5310 Adatno
3158 5268 3214 5311 et.
3248 5259 3380 5320 Eva,
3410 5259 3534 5325 qui-

1966 5324 2067 5377 hus
2096 5341 2194 5377 nos
2218 5326 2381 5378 nudis
2413 5326 2811 5384 erubescimus,
2839 5327 2953 5394 ipsa
2987 5328 3152 5383 tiuda,
3185 5337 3240 5380 et
3271 5343 3376 5379 non
3410 5324 3534 5380 cru-

1964 5394 2286 5457 liescehant,
2316 5396 2442 5462 quia
2476 5396 2526 5449 in
2565 5397 2646 5450 eis
2672 5398 2883 5450 nullum
2937 5399 3290 5450 rebellantem
3325 5406 3534 5450 motum

1963 5464 2302 5529 sentiebant;
2324 5467 2486 5533 inque
2519 5482 2643 5518 cum
2661 5469 2878 5519 modum
2896 5484 3085 5520 eorum
3107 5483 3334 5533 corpora
3370 5467 3535 5520 etiam

1969 5535 2392 5600 προηγουμένως
2416 5536 2632 5588 condita
2657 5537 2870 5589 fuerant
2896 5554 2908 5588 :
2941 5538 3016 5589 sie
3042 5545 3096 5587 et
3119 5537 3286 5602 πάθη.
3308 5536 3537 5592 :Itlecttts

1968 5603 2164 5655 virium
2190 5607 2542 5658 sentientium
2569 5615 2623 5657 et
2652 5607 2941 5675 ἐνέργειαι.
2975 5618 3137 5672 prout
3163 5622 3392 5674 qumque
3413 5621 3539 5673 pro—

1966 5689 2133 5741 pensa
2192 5685 2309 5728 erat
2366 5691 2523 5726 suum
2583 5679 2742 5728 linem
2793 5686 2848 5729 et
2897 5676 3203 5743 ()itjeclllll];
3261 5675 3352 5729 sed
3411 5692 3536 5728 cum

1967 5745 2644 5868 lsltll‘tt'ttht?"ll‘alltllllllllalc,
2699 5747 2952 5815 nullaque
2993 5745 3405 5816 perturbatione
3445 5755 3539 5800 aut

2046 5835 2075 5865 Ἀ
2099 5831 2138 5866 ’δ
2170 5837 2202 5866 .g
2227 5856 2236 5863 .

2046 5831 2236 5866 ‘iL'bHJ.
