4192 6436
739 397 872 460 1207

1909 403 1968 460 S.
2015 400 2299 459 MAXIM!
2340 399 2847 461 CONFESSORIS

3855 405 3979 467 lim

733 520 821 564 est
871 510 1163 580 particeps.
1214 511 1280 563 At
1324 526 1501 578 neque
1533 510 1626 579 qui
1678 510 1923 579 prolicit,
1965 512 2073 565 ulla
2111 527 2301 566 eorum

2414 514 2589 583 μένων
2628 511 2793 565 αὑτοῦ
2823 511 2900 582 τῷ
2940 516 2956 532 ⁸
2985 511 3177 582 βαθμῷ
3206 512 3387 566 καλῶν
3412 529 3557 577 τινος
3587 514 3835 583 ὑστερεῖ·
3882 519 3979 569 κᾶν

736 601 1008 656 bonorum
1058 610 1210 671 parte
1246 600 1589 664 destituitur,
1624 618 1745 671 qua:
1792 602 1859 655 ad
1908 604 2027 671 ejus
2074 602 2305 673 gradum

734 692 993 755 attinent,
1027 707 1339 760 quanquam
1385 693 1621 746 necdum
1648 693 1897 747 eamdem
1932 703 2097 763 atque
2121 694 2306 780 perfe-

734 784 809 838 cti
842 783 1200 838 excellentem
1242 781 1557 837 divinorum
1601 784 1886 839 scientiam
1918 786 2149 854 adeptus
2198 795 2303 840 est.

734 870 967 928 Pcrfecti
1010 872 1183 935 enim,
1224 872 1732 941 contemplatricem
1759 874 1871 943 jam
1909 874 2135 945 mystice
2170 874 2305 928 ade-

733 963 813 1033 pti
847 962 1199 1033 theologiam,
1237 963 1532 1032 animoque
1565 979 1595 1016 a
1627 972 1847 1018 terreno
1871 965 2021 1018 omni
2061 966 2304 1035 cogitatu

732 1071 1010 1124 sensuque
1050 1063 1303 1125 purgato,
1334 1071 1457 1124 qua:
1496 1054 1667 1109 divini
1706 1054 1927 1110 decoris
1950 1066 2120 1111 totam
2152 1058 2305 1112 nullo

731 1145 1047 1200 desiderato
1110 1160 1425 1214 expressam
1492 1145 1784 1218 imaginem
1842 1163 1905 1201 ac
1950 1148 2304 1202 simulacrum

732 1235 914 1301 ferat,
967 1235 1212 1289 divinam
1265 1234 1591 1290 charitatem
1628 1237 1755 1292 sinu
1792 1252 1895 1291 suo
1945 1238 2304 1308 intimiusque

732 1329 1003 1399 complexi
1037 1327 1320 1385 videntur.

801 1436 890 1493 (i9.
920 1437 1131 1507 Duplex
1178 1446 1264 1492 est
1299 1437 1498 1502 timor;
1546 1436 1690 1490 alius
1722 1443 1939 1499 castus,
1991 1436 2135 1490 alius
2192 1451 2303 1490 non

731 1539 938 1585 castus.
971 1530 1074 1596 Qui
1111 1531 1258 1585 enim
1289 1530 1621 1585 delictorum
1650 1544 1835 1594 causa,
1863 1529 2145 1597 suspensis
2175 1545 2306 1599 sup-

732 1623 884 1693 plicii
916 1635 1063 1679 metu
1100 1623 1300 1677 animis
1340 1621 1500 1690 527
1541 1621 1705 1676 timor
1735 1619 2035 1684 conﬂatur.
2076 1636 2201 1675 cum
2236 1636 2303 1674 ex

733 1724 960 1785 peccato
1001 1715 1167 1769 ducat
1195 1714 1486 1783 originem,
1531 1728 1597 1768 ac
1624 1713 1770 1783 quod
1818 1714 2016 1777 oritur,
2069 1713 2125 1768 in
2169 1712 2300 1767 illud

731 1821 955 1860 causam
997 1804 1221 1869 referat,
1253 1813 1438 1859 castus
1480 1818 1591 1858 non
1619 1812 1738 1867 est;
1781 1819 1885 1857 nec
1910 1803 2018 1857 erit
2062 1818 2298 1872 semper,

2408 606 2506 674 τὴν
2535 604 2706 674 αὑτὴν
2736 604 2889 658 οὑπω
2912 606 3025 667 τοῖς
3045 604 3269 666 τελείοις
3292 604 3666 675 ὑπερέχουσαν
3689 606 3805 661 τῶν
3825 603 3981 660 θείων

2408 696 2677 766 ἐκτήσατο
2718 695 2938 763 γνῶσιν.
3003 698 3066 746 Ul
3104 694 3213 763 γάρ
3252 693 3470 755 τέλειοι,
3516 695 3615 763 τῆς
3643 694 3979 766 θεωρητικῆς

2408 788 2507 859 ἥδη
2544 787 2823 856 μυστικῶς
2853 786 3172 849 ἀξιωθέντες
3199 785 3495 853 θεολογίας,
3530 789 3625 841 καὶ
3655 790 3840 857 πάσης
3861 806 3979 857 φαν-

2405 878 2601 941 τασίας
2633 878 2823 948 ὑλικῆς
2850 878 2942 931 τὸν
2971 876 3095 930 νοῦν
3123 878 3363 947 καθαρὸν
3393 880 3861 946 καταστήσαντες,
3892 882 3980 933 καὶ

2406 970 2611 1032 εἰκόνος
2661 971 2759 1039 τῆς
2799 969 2951 1031 θείας
2981 968 3329 1039 ’ὡραιότητος
3372 970 3505 1039 ὅλην
3540 969 3849 1034 bellum};
3886 972 3979 1040 ᾳέ-

2409 1081 2604 1135 ρουσαν
2635 1062 2732 1133 τὴν
2757 1062 3088 1132 ἐκμίμησιν,
3123 1062 3222 1131 τὴν
3252 1060 3402 1114 θείαν
3431 1060 3651 1132 ἀγάπην
3684 1062 3742 1114 ὲν
3768 1062 3977 1125 ἑαυτοῖς

2405 1157 2558 1209 ὲνστε
2568 1154 2879 1224 ρνισάμενοι
2908 1152 3206 1221 φαίνονται.

2477 1436 2574 1504 ξθ’.
2628 1433 2812 1497 Διττός
2841 1433 2992 1486 ἔστιν
3018 1434 3046 1486 ὁ
3072 1430 3255 1501 φόϐος·
3290 1433 3319 1485 ό
3348 1431 3447 1496 μὲν
3489 1432 3675 1500 ἀγνόςο
3708 1434 3737 1486 ὀ
3781 1432 3839 1486 δὲ
3887 1433 3981 1504 σῖιχ

2405 1532 2589 1597 ἁγνός,
2636 1530 2695 1583 ⁸0
2728 1527 2825 1599 μὲν
2857 1526 2966 1597 γὰρ
3011 1526 3103 1578 ἐπὶ
3135 1523 3571 1595 πλημμελήμασι
3605 1527 3727 1577 κατ’
3759 1525 3982 1595 ἐκδοχὴν

2405 1616 2681 1677 κολάσεως
2712 1615 3102 1683 συνιστάμενος
3146 1613 3331 1681 φόϐος,
3364 1613 3546 1667 αἰτίαν
3594 1614 3734 1684 ἔχων
3758 1615 3859 1684 τῆς
3907 1618 3980 1667 οἰ-

2405 1708 2560 1770 κεὶας
2582 1707 2850 1774 γενέσεως
2882 1706 2981 1776 τὴν
3007 1706 3303 1776 ἁμαρτίαν,
3336 1707 3434 1774 οὐχ
3464 1706 3647 1773 ἁγνὸς,
3682 1707 3808 1759 οὑδὲ
3834 1707 3981 1759 ἔσται

2403 1800 2716 1866 διαπαντὸς,
2750 1803 2817 1871 τῇ
2848 1799 3094 1869 ἁμαρτίᾳ.
3124 1800 3211 1852 διὰ
3241 1800 3340 1866 τῆς
3372 1798 3662 1867 μετανοίας
3688 1815 3982 1865 συναφανι-

730 1896 826 1966 qui
854 1911 962 1951 una
1006 1912 1131 1951 cum
1174 1904 1400 1965 peccato
1448 1911 1547 1965 per
1585 1892 1961 1964 paenitentiam
1996 1870 2298 1948 abolentur.

2403 1894 2628 1963 ζόμενος
2652 1894 2746 1963 (r).
2782 1894 2841 1945 Ὀ
2869 1892 2925 1945 δὲ
2955 1892 3079 1961 δίχα
3101 1891 3203 1957 τῆς
3227 1891 3320 1942 ἐπὶ
3347 1890 3782 1959 πλημμελήμασι
3808 1890 3981 1959 λύπης

729 1987 835 2053 Qui
866 1996 1052 2042 autem
1083 1987 1291 2056 absque
1323 1986 1534 2048 dolore,
1583 1986 1678 2054 qui
1718 2000 1783 2039 ex
1812 1984 2030 2038 delictis
2056 1985 2301 2053 concipi-

731 2089 844 2145 tur,
871 2080 988 2149 ipse
1016 2094 1237 2148 semper
1276 2077 1468 2131 ﬁrmus
1498 2083 1739 2146 perstat,
1782 2075 1874 2129 hic
1916 2075 2081 2128 timor
2117 2084 2303 2129 castus

728 2176 836 2232 est,
860 2183 962 2222 nec
993 2181 1233 2236 unquam
1259 2166 1475 2221 desinet
1510 2183 1523 2219 :
1548 2166 1695 2235 quod
1713 2181 1908 2234 nempe
1934 2165 2085 2219 velut
2116 2179 2304 2219 essen-

729 2260 937 2315 tialiter
968 2259 1088 2315 'Deo
1117 2275 1243 2331 erga
1280 2268 1591 2314 creaturam
1627 2258 1825 2313 insitus
1846 2266 1951 2321 est,
1987 2257 2106 2327 ejus
2137 2272 2302 2327 supra

728 2366 892 2406 omne
917 2366 1145 2421 regnum
1173 2366 1238 2405 ac
1268 2359 1611 2420 potestatem,
1651 2350 1958 2405 naturalem
1990 2349 2303 2405 eminentiae

729 2443 1070 2513 maiestatem
1098 2444 1316 2496 cunctis
1340 2441 1683 2497 manifestam
1729 2441 1989 2496 reddens.

801 2556 889 2610 70.
914 2554 1020 2622 Qui
1052 2555 1225 2609 Deum
1255 2570 1367 2610 non
1396 2563 1458 2610 ut
1478 2554 1718 2626 judicem
1743 2555 1918 2620 timet,
1946 2554 2042 2611 sed
2075 2564 2304 2627 prepter

728 2646 986 2705 eximiam
1016 2645 1246 2706 inlinitre
1273 2646 1495 2702 virtutis
1518 2647 1895 2702 excellentiam
1926 2663 2052 2703 eum
2086 2660 2304 2702 revere-

729 2749 841 2803 tur,
861 2738 954 2794 hie
983 2737 1180 2793 merito
1202 2739 1351 2793 nulla
1381 2738 1592 2794 laborat
1618 2739 1802 2809 inopia
1818 2741 1886 2805 “,
1909 2740 2003 2809 qui
2029 2739 2305 2809 perfectus

727 2833 805 2888 sit
834 2831 890 2886 in
937 2830 1236 2897 cbaritate;
1273 2830 1443 2885 Deum
1488 2830 1699 2885 scilicet
1726 2845 1852 2885 cum
1889 2831 2199 2885 reverentia
2239 2846 2305 2887 ac

728 2921 948 2979 decenti
973 2923 1176 2993 pietate
1194 2922 1447 2993 diligens.
1475 2921 1684 2992 Hicque
1704 2922 1842 2977 adeo
1861 2930 1964 2987 est,
1984 2922 2078 2992 qui
2107 2922 2303 2978 timore

728 3012 827 3070 illo
844 3014 1109 3085 praeditus
1128 3022 1233 3076 est,
1252 3014 1346 3084 qui
1364 3022 1646 3085 permanet
1676 3015 1731 3068 in
1757 3014 2015 3069 saeculum
2048 3014 2301 3079 saeculi”,

725 3114 786 3162 et
817 3105 908 3162 cui
941 3105 1092 3160 nulla
1121 3120 1351 3176 prorsus
1382 3104 1565 3176 inopia
1592 3114 1698 3161 est.

799 3306 994 3363 7I.Ex
1041 3307 1231 3367 rebus.
1297 3323 1485 3363 rerum
1536 3306 1832 3363 Auctorem
1888 3307 2300 3378 cognoscimus;

725 3412 905 3468 exque
951 3414 1136 3453 rerum
1184 3399 1480 3464 varietate,
1511 3400 1631 3469 ejus
1656 3399 1751 3467 qui
1789 3408 1873 3453 est
1912 3400 2301 3454 subsistentem

726 3486 994 3541 docemur
1047 3488 1372 3557 sapientiam
1408 3504 1549 3542 :nee
1581 3504 1690 3543 non
1731 3504 1795 3543 ex
1842 3505 2026 3543 rerum
2062 3491 2301 3545 naturali

727 3583 917 3642 motu,
958 3576 1077 3647 ejus
1118 3576 1211 3648 qui
1260 3585 1344 3631 est
1388 3577 1780 3633 subsistentem
1822 3580 1987 3634 vitam
2030 3581 2303 3636 condisci-

728 3684 886 3734 mus;
930 3668 1041 3722 vim
1075 3669 1285 3723 scilicet
1322 3683 1385 3722 ac
1418 3669 1717 3738 potentiam
1755 3684 1941 3724 rerum
1980 3670 2299 3726 viviﬁcatri-

724 3775 871 3825 cem,
908 3758 1172 3829 Spiritum
1208 3769 1482 3814 sanctum.

796 3898 883 3951 72.
919 3894 1156 3966 Spiritus
1186 3904 1410 3950 sanctus
1431 3910 1459 3947 a
1481 3893 1630 3947 nulla
1669 3902 1919 3949 creatura
1951 3895 2127 3960 abest,
2158 3912 2299 3967 pra:-

726 3982 919 4039 sertim
950 3982 995 4037 si
1028 3983 1342 4053 aliqualiier
1372 3981 1601 4035 rationis
1624 3982 1696 4035 sit
1723 3983 2017 4053 particeps.
2041 3983 2300 4041 Continet

722 4072 873 4127 enim
895 4088 959 4128 ac
973 4082 1262 4128 conservat
1282 4072 1715 4141 uniuscujusque
1731 4073 2038 4139 scientiam,
2057 4090 2124 4129 eo
2152 4077 2299 4145 quod

723 4164 872 4218 Deus
904 4178 966 4217 ac
1024 4162 1121 4217 Dei
1180 4162 1441 4232 Spiritus,
1480 4177 1588 4231 qua
1641 4161 1847 4217 virtute
1898 4164 2162 4232 praeditus
2192 4177 2297 4231 est,

726 4254 1095 4310 Providentiae
1142 4253 1453 4308 rationibus
1499 4252 1682 4308 omnia
1721 4268 2031 4323 permeans,
2081 4270 2146 4310 ac
2178 4272 2301 4325 qua:

726 4343 1029 4413 unicuique
1086 4351 1283 4397 natura
1341 4342 1504 4407 inest,
1556 4359 1783 4397 movens
1840 4344 2145 4409 rationem;
2202 4362 2300 4414 per

724 4452 911 4507 quam,
955 4451 1080 4491 eum
1115 4435 1208 4505 qui
1242 4450 1405 4489 sensu
1434 4436 1544 4489 ullo
1578 4434 1842 4505 praeditus
1884 4436 1975 4501 sit,
2001 4437 2068 4490 ad
2102 4453 2297 4492 eorum

2402 1987 2494 2041 ἀεὶ
2523 1984 2812 2049 συνεστὼς,
2862 1979 3017 2047 οὗτος
3045 1983 3208 2052 φόόος
3232 1982 3414 2051 ἁγνὸς,
3460 1984 3557 2035 καὶ
3584 1983 3685 2034 οὑκ
3707 1983 3981 2051 άπογενήο

2404 2077 2556 2129 σεταί
2602 2092 2731 2129 ποτε
2757 2092 2771 2106 ⁸
2836 2075 3077 2144 διότιπερ
3123 2074 3396 2136 οὐσιιικῖὦς
3435 2074 3723 2143 ἐμπέφυκέ
3756 2091 3876 2135 πως
3906 2072 3983 2142 τῷ

2401 2168 2519 2240 Θεῷ
2571 2170 2709 2237 πρὸς
2756 2170 2856 2239 τὴν
2901 2168 3117 2229 κτίσιν,
3182 2165 3506 2235 ποιούμενος
3550 2165 3776 2235 ἔκδηλον
3817 2166 3982 2219 αὑτοῦ

2402 2260 2539 2312 πᾶσι
2592 2259 2689 2328 τὴν
2734 2258 2968 2326 φυσικὴν
3013 2257 3435 2324 αἰδεσιμότητα,
3500 2254 3598 2325 τῆς
3630 2254 3771 2326 ὑπὲρ
3803 2257 3983 2309 πᾶσαν

2404 2350 2681 2422 βασιλείαν
2709 2350 2802 2404 καὶ
2830 2349 3059 2417 δύναμιν
3090 2350 3385 2419 ὑπεροχῆς.

2470 2543 2532 2599 ο’.
2580 2542 2639 2598 '0
2676 2543 2750 2616 μὴ
2803 2542 3137 2613 φοϐούμενος
3177 2540 3271 2595 τὸν
3319 2541 3453 2596 Θεὸν
3494 2542 3571 2605 ὡς
3616 2539 3831 2613 κριτὴν,
3865 2536 3984 2591 ἀλλ’

2401 2638 2720 2707 αἰδούμενος
2755 2636 2917 2689 αὑτὸν
2948 2635 3034 2688 διὰ
3066 2634 3163 2701 τὴν
3201 2633 3649 2706 ὑπερϐάλλουσαν
3687 2632 3789 2699 τῆς
3826 2629 3985 2684 drui-

2406 2749 2500 2802 ρου
2523 2729 2805 2799 δυνάμεως
2830 2726 3125 2799 ὑπεροχὴν,
3144 2727 3245 2781 οὑκ
3266 2728 3379 2797 ἔχει
3417 2726 3641 2789 δικαίως
3668 2722 3983 2793 ὑστέρημα,

2401 2822 2605 2883 τέλειος
2667 2820 2927 2893 ὑπάρχων
2971 2820 3029 2872 ὲν
3062 2822 3127 2891 τῇ
3156 2820 3364 2892 ἀγάπῃ,
3393 2820 3511 2889 μετ’
3540 2815 3722 2878 αἰδοῦς
3754 2815 3850 2868 καὶ
3883 2812 3988 2882 τῆς

2402 2914 2724 2985 πρεπούσης
2789 2911 3217 2982 σεϐασμιότητος
3272 2906 3507 2978 ἀγαπῶν
3545 2909 3639 2961 τδν
3680 2907 3814 2960 Θεόν
3839 2923 3855 2938 ·
3891 2905 3988 2958 καὶ

2401 2998 2557 3066 οὗτός
2584 3006 2779 3058 ὲστινό
2814 3002 3156 3073 κτησάμενος
3195 3002 3286 3055 τὸν
3330 3000 3652 3071 διαμένοντα
3684 2995 3849 3065 φόδον
3905 2996 3989 3058 εἰς

2402 3097 2573 3151 αἰῶνα
2600 3095 2813 3160 αἰῶνος,
2843 3094 2937 3149 καὶ
2952 3094 3053 3148 οὐκ
3082 3086 3231 3147 ἔστιν
3260 3092 3405 3163 αὑτῷ
3427 3091 3710 3162 ὑστέρημα
3738 3087 3988 3159 τοπαρά-

2331 3203 2375 3262 c
2409 3207 2517 3245 παν
2540 3188 2717 3244 οὐδέν.

2473 3301 2574 3358 οα’.
2607 3304 2703 3359 Ἐκ
2730 3302 2837 3355 τῶν
2861 3301 3049 3364 όντων,
3082 3299 3172 3354 τὸν
3201 3299 3310 3353 τῶν
3343 3299 3510 3352 ὅντων
3534 3298 3880 3368 γινώσκομεν
3904 3296 3991 3351 αί-

2403 3414 2517 3449 τιον
2541 3413 2555 3427 ·
2585 3396 2677 3448 καὶ
2700 3396 2762 3449 ὲκ
2792 3394 2891 3462 τῆς
2912 3392 3175 3462 διαφορᾶς
3203 3391 3310 3444 τῶν
3338 3392 3527 3454 ὅντων,
3559 3391 3657 3459 τὴν
3680 3390 3989 3443 ἰνυπόσταο

2402 3506 2493 3541 τον
2517 3487 2609 3540 τοῦ
2634 3486 2783 3549 ὄντος
2804 3483 3165 3555 διδασκόμεθα
3180 3483 3395 3551 σοφίανο
3419 3483 3512 3535 καὶ
3533 3484 3597 3536 ἐκ
3626 3481 3724 3551 τῆς
3754 3481 3867 3534 τῶν
3897 3481 3993 3535 θν-

2402 3600 2511 3634 των
2540 3579 2775 3650 φυσικῆς
2807 3579 3095 3649 κινήσεως,
3130 3575 3230 3646 τὴν
3267 3574 3630 3627 ἐνυπόστατον
3677 3573 3775 3627 τοῦ
3830 3573 3993 3635 ὄντος

2414 3672 2760 3743 μανθάνομεν
2793 3670 2958 3741 ζωὴν,
2989 3669 3090 3739 τὴν
3123 3668 3230 3722 τῶν
3252 3667 3423 3721 ὄντων
3449 3665 3709 3731 ζωοποιδν
3726 3665 3990 3737 δύναμιν,

2405 3766 2462 3819 τὺ
2495 3763 2719 3834 Πνεῦμα
2742 3762 2801 3816 τὸ
2834 3763 3007 3830 ἆγιον.

2471 3893 2570 3965 οβ’.
2611 3894 2686 3947 Τὸ
2713 3894 2935 3965 Πνεῦμα
2965 3894 3027 3948 τὸ
3065 3895 3219 3963 ἅγιον
3272 3894 3483 3954 οὐδενὸς
3523 3894 3721 3948 ἄπεστι
3757 3893 3871 3947 τῶν
3904 3892 3994 3945 δνο

2400 4002 2531 4048 των,
2561 3986 2656 4039 καὶ
2711 3985 2946 4054 μάλιστα
2996 3985 3105 4038 τῶν
3152 3985 3311 4054 λόγου
3360 3984 3482 4038 καθ’
3511 3968 3689 4037 ὁτιοῦν
3739 3983 3994 4054 μετειλη-

2403 4079 2599 4146 φότων.
2634 4078 2959 4131 Συνεκτικδν
2991 4077 3100 4148 γὰρ
3147 4078 3382 4147 ὑπάρχει
3422 4078 3523 4146 τῆς
3564 4077 3799 4130 ἑκάστου
3847 4076 3996 4143 γνὼ-

2403 4188 2562 4237 σεως,
2588 4170 2669 4223 ὅτι
2713 4170 2845 4232 Θεὸς
2892 4170 2984 4223 καὶ
3006 4169 3141 4222 Θεοῦ
3170 4168 3415 4238 Πνεῦμα,
3438 4169 3579 4221 κατὰ
3598 4166 3830 4237 δύναμιν
3849 4184 3992 4236 προ-

2403 4262 2668 4333 νοητικῶς
2716 4262 2802 4315 διὰ
2852 4263 3071 4316 πάντων
3110 4259 3355 4332 χωροῦν,
3386 4259 3606 4313 καὶτὸν
3654 4260 3714 4311 ὲν
3766 4259 3994 4328 ἑκάστῳ

2402 4356 2557 4425 λόγον
2604 4356 2748 4409 κατὰ
2794 4355 2955 4423 φύσιν
3005 4354 3315 4418 άνακινοῦν,
3356 4353 3451 4406 καὶ
3506 4351 3573 4405 δι’
3618 4349 3787 4404 αὑτοῦ
3844 4351 3994 4420 πρὸς

2404 4448 2755 4518 συναίσθησιν
2792 4448 2898 4501 τῶν
2935 4444 3272 4517 πλημμελῶς
3309 4444 3459 4515 παρὰ
3512 4442 3605 4496 τὸν
3648 4442 3855 4512 θεσμὸν
3885 4443 3991 4509 τῆς

722 4542 846 4596 qua:
878 4525 1081 4579 delicto
1104 4523 1379 4579 commisit
1430 4533 1620 4579 contra
1656 4524 1830 4593 legem
1879 4534 2090 4579 naturae
2114 4566 2129 4591 ,
2170 4540 2298 4579 sen-

2407 4540 2622 4610 φύσεως
2652 4540 3078 4611 πεπραγμένων,
3106 4538 3237 4606 ἆγον
3288 4537 3382 4590 τὸν
3420 4534 3815 4604 αἰσθανόμενον
3838 4549 3857 4563 ⁸
3894 4532 3995 4585 καὶ

722 4631 847 4671 sum
884 4615 1198 4679 adducens;
1228 4630 1293 4669 ac
1322 4616 1479 4685 cujus
1508 4614 1672 4684 paulo
1710 4613 1925 4668 facilior
1956 4615 2211 4670 voluntas
2241 4625 2301 4671 ut

722 4723 936 4763 morem
963 4714 1136 4777 gerat,
1167 4705 1233 4759 ad
1271 4716 1449 4760 rectas
1481 4720 1547 4759 ex
1570 4713 1763 4758 natura
1789 4706 2149 4775 cogitationes
2176 4722 2303 4775 pro-

721 4800 865 4855 clive
914 4797 1295 4869 suscipiendas
1356 4796 1663 4867 impellens.
1718 4794 2085 4861 Quamobrem
2130 4797 2298 4852 etiam

722 4892 929 4949 multos
953 4890 1283 4954 invenimus,
1322 4904 1516 4945 eorum
1558 4889 1724 4943 etiam
1755 4889 1848 4958 qui
1873 4889 2029 4944 valde
2080 4889 2299 4944 barbari

721 4993 854 5042 sunt
892 5000 957 5039 ac
987 4982 1282 5037 nomadum
1313 4984 1481 5037 vitam
1502 4989 1691 5051 agunt,
1722 4982 2052 5050 probitatem
2086 4998 2298 5037 morum

722 5086 1087 5141 consectatos,
1120 5075 1394 5132 belluinas
1425 5073 1709 5129 abdicasse
1738 5072 1908 5144 leges,
1941 5090 2078 5144 quas
2117 5090 2146 5129 a
2181 5091 2299 5130 ma-

719 5172 940 5245 joribus
966 5173 1100 5227 olim
1130 5177 1448 5226 tenuerant.

798 5315 845 5349 ³⁸
868 5314 1013 5371 Psal.
1046 5327 1230 5377 xxxm,
1260 5308 1347 5364 10.
1423 5308 1471 5341 ²⁹
1505 5306 1647 5362 Psal.
1674 5322 1828 5373 xvm,
1861 5307 1948 5361 l0.

792 5437 813 5459 '
840 5432 975 5489 Male
999 5430 1168 5495 edita,
1199 5424 1336 5482 εἶναι
1361 5426 1461 5497 τῷ,
1493 5424 1640 5495 quod
1663 5425 1916 5495 sequitur
1937 5424 2119 5479 Picus.

795 5553 869 5626 (r)
898 5551 1054 5626 Οὑδὲ
1079 5551 1253 5604 ἔσται
1284 5548 1631 5626 διαπαντὸς,
1657 5542 1742 5626 .ζῇ
1771 5543 2026 5626 ἁμαρτίᾳ
2062 5542 2161 5626 διά
2188 5542 2298 5626 τᾶς

720 5614 1040 5697 μετανοίας
1057 5618 1628 5697 συναφανιζόμενρς.
1650 5615 1780 5697 .szec
1814 5623 1921 5667 tam
1944 5614 2112 5697 clara,
2131 5614 2198 5667 de
2231 5614 2297 5666 ti-

725 5686 880 5752 inore
906 5693 1001 5747 illo
1018 5686 1435 5760 ’incipientium,
1464 5689 1558 5757 qui
1583 5686 1851 5760 originem
1884 5693 2040 5738 actus
2068 5700 2134 5738 ex
2166 5699 2298 5753 pec-

727 5773 853 5820 cato
878 5803 894 5829 ,
932 5772 1116 5817 castus
1142 5757 1265 5814 'non
1305 5758 1397 5821 sit,
1428 5768 1485 5812 et
1529 5757 1622 5829 qui
1660 5772 1767 5809 non
1800 5770 2018 5823 semper
2045 5763 2291 5829 maneat,

726 5834 826 5894 sed
874 5824 982 5891 una
1017 5847 1143 5888 cum
1187 5838 1413 5902 peccato
1443 5824 1728 5886 abolentur
1761 5841 1858 5895 per
1911 5824 2293 5895 paenitentiam

2404 4633 2506 4699 τὴν
2566 4631 2890 4701 προαίρεσιν
2942 4629 3185 4682 εῦεικτον
3241 4628 3449 4699 ἔχοντα,
3515 4626 3651 4695 πρὸς
3705 4624 3996 4693 ὑποδοχὴν

2405 4723 2517 4776 τῶν
2570 4726 2635 4776 ὲκ
2681 4722 2897 4791 φύσεως
2942 4720 3119 4793 ὀρθῶν
3141 4719 3439 4789 λογισμῶν.
3483 4718 3573 4770 Διὸ
3610 4716 3705 4770 καὶ
3755 4715 3999 4775 πολλοὺς

2409 4815 2741 4885 εὑρίσκομεν
2770 4813 2865 4866 καὶ
2891 4812 3003 4865 τῶν
3028 4812 3166 4880 ἄγαν
3190 4809 3481 4881 βαρϐάρων
3504 4808 3597 4860 καὶ
3619 4806 3877 4876 νομάδων
3899 4807 3999 4858 ἀν-

2409 4902 2669 4975 θρώπων,
2705 4899 3112 4969 καλοκαγαθίας
3152 4897 3683 4969 μεταποιουμένους,
3713 4894 3811 4947 καὶ
3862 4894 4001 4955 τοὺς

2409 4994 2677 5048 ἀνέκαθεν
2706 4992 3087 5063 κρατήσαντας
3112 4991 3170 5045 ὲν
3196 4989 3378 5052 αὑτοῖς
3430 4986 3712 5058 θηριώδεις
3732 4982 4004 5037 ἀθετοῦν-

2405 5105 2503 5152 τας
2540 5086 2754 5158 νόμους.

2405 5541 2697 5610 (cliaritate
2721 5540 2936 5594 scilicet
2966 5536 3209 5610 perlecta
3234 5550 3358 5590 eum
3382 5533 3530 5610 fora_s
3543 5532 3854 5610 mittente),
3881 5544 4005 5586 non

2401 5603 2634 5667 ferendo
2673 5625 2864 5665 errore
2894 5603 3057 5663 Picus
3078 5648 3093 5671 ,
3125 5606 3452 5661 adversante
3478 5603 3769 5672 Scriptura
3800 5616 4000 5657 orntus

2400 5699 2508 5752 que
2548 5682 2844 5749 theologia,
2875 5678 2981 5733 Nec
3029 5694 3269 5749 unquam
3319 5673 3581 5729 delebitur
3606 5689 3724 5727 cum
3770 5689 4003 5743 peccato

2398 5770 2493 5824 per
2511 5752 2897 5824 paenitentiam.
