4192 6436
228 392 367 459 1209

926 406 1258 469 CAPITUM
1296 410 1717 483 QUINQUIES
1750 415 2264 477 CENTENORUM
2303 417 2691 477 CENTURIA
2733 417 2782 477 Ι.

3323 415 3463 482 1210

293 499 399 571 στ’.
431 504 585 559 Ἔστι
648 508 746 578 μὲν
792 509 852 564 tv
908 513 1073 568 πᾶσιν
1117 517 1303 582 ἁπλῶς
1356 518 1418 572 τὸ
1469 521 1692 591 Πνεῦμα
1732 522 1793 575 τὸ

1967 524 2053 576 75.
2096 524 2333 592 Spiritus
2373 533 2595 579 sanctus
2625 524 2679 578 in
2713 523 2970 579 omnibus
2994 522 3319 594 simpliciter
3352 534 3459 590 est,

223 590 403 659 ἅγιον,
428 596 564 650 καθὸ
597 601 816 655 πάντων
840 603 959 656 ἐστὶ
996 608 1313 662 συνεκτικὸν
1365 612 1459 664 καὶ
1503 590 1793 683 προνοητι-

222 683 324 774 κδν
347 724 365 751 ,
426 686 522 739 καὶ
590 690 700 743 τῶν
773 695 1013 761 φυσικῶν
1085 701 1415 769 σπερμάτων
1484 703 1797 774 ἀνακινητι-

223 773 347 832 κόν.
399 778 925 854 Προσδιωρισμένως
948 787 1028 849 δὲ,
1071 791 1166 842 καὶ
1190 793 1248 843 ὲν
1287 794 1425 851 πᾶσι
1457 796 1569 857 τοῖς
1609 797 1667 847 tv

226 882 339 935 μῳ,
370 869 560 925 καθότι
579 873 681 944 τῆς
709 876 818 930 τῶν
845 880 1072 934 ἐντολῶν
1100 881 1250 936 ἐστιν
1280 885 1658 940 ὕποδεικτικδν
1678 904 1787 941 πα-

226 959 535 1049 ραϐάσεως,
576 965 672 1019 καὶ
723 969 824 1040 τῆς
852 971 994 1024 κατὰ
1032 974 1268 1045 Χριστὸν
1296 978 1797 1049 προαγορευθείσης

222 1047 601 1119 ἀπαγγελίας,
653 1060 980 1123 φωτιστικόν
1007 1075 1023 1089 ·
1074 1063 1135 1115 ἐν
1178 1064 1236 1118 δὲ
1287 1066 1421 1119 πᾶσι
1481 1047 1596 1132 τοῖς
1651 1047 1794 1122 κατὰ

223 1134 468 1204 Χριστὸν
513 1139 653 1211 πρὸς
699 1147 811 1209 τοῖς
849 1149 1184 1219 εἰρημένοις,
1215 1153 1311 1207 καὶ
1360 1155 1437 1218 ὡς
1474 1158 1793 1215 υίοθετικόν.

358 1227 415 1282 δὲ
446 1231 639 1301 σοφίας
691 1240 990 1308 ποιητικὸν,
1014 1243 1073 1297 tv
1116 1244 1291 1298 οὐδενὶ
1330 1246 1438 1300 τῶν
1492 1250 1796 1320 εἰρημένων

224 1315 381 1372 εστὶν
431 1322 635 1387 ἁπλῶς,
681 1327 821 1399 πλὴν
867 1330 977 1384 τῶν
1014 1336 1322 1401 συνιέντων,
1352 1338 1445 1392 καὶ
1466 1315 1691 1404 ἑαυτοὺς
1710 1342 1797 1395 διὰ

220 1409 330 1500 τῆς
354 1412 540 1467 ἐνθέου
570 1417 846 1485 πολιτείας
874 1423 1059 1488 ἀξίους
1089 1430 1475 1499 ποιησαμένων
1505 1430 1608 1500 τῆς
1630 1432 1792 1489 αὐτοῦ

226 1497 505 1574 θεωτικῆς
552 1508 899 1582 ἐνοικήσεως.
945 1516 1060 1579 Πᾶς
1088 1497 1214 1588 ζγάρ
1249 1497 1323 1591 μη
1378 1497 1651 1575 ποιῶν-τά
1680 1522 1798 1577 Θεῖα

224 1594 535 1686 θελήματα,
559 1602 665 1656 κᾶν
696 1607 888 1670 πιστὸς
922 1604 980 1681 ᾖ,
1004 1610 1260 1664 ἀσύνετον
1289 1612 1399 1683 ἔχει
1426 1614 1524 1685 τὴν
1547 1617 1795 1686 καρδίαν.

220 1684 306 1750 ὡς
339 1691 593 1761 πονηρῶν
626 1693 904 1767 λογισμῶν
970 1701 1357 1773 ἐργαστήριον,
1389 1684 1489 1758 καὶγ
1528 1707 1590 1759 τὸ
1626 1684 1798 1776 σῶμα

222 1782 551 1870 κατάχρεων
579 1786 896 1860 ἁμαρτίαις,
933 1791 1010 1857 ὡς
1035 1794 1328 1861 διαπαντὸς
1350 1797 1647 1870 μολυσμοῖς
1694 1817 1799 1852 πα-

223 1869 340 1927 θῶν
374 1874 713 1948 ἐνεχόμενον.

296 2148 396 2210 06'.
440 2152 502 2210 '0
525 2155 629 2228 τῆς
653 2161 928 2231 σωτηρίας
963 2162 1291 2237 ὀρεγόμενος
1334 2169 1553 2223 πάντων
1586 2170 1796 2242 ἀνθρώ-

219 2244 519 2315 τιυνΘεὸς,
554 2249 650 2304 καὶ
678 2253 881 2307 πεινῶν
910 2255 1091 2311 αὐτῶν
1114 2258 1213 2329 τὴν
1241 2260 1526 2326 ὲκθὲωσιν,
1555 2261 1654 2332 τὴν
1672 2263 1797 2317 τού-

220 2353 340 2391 των
362 2339 540 2411 οἴησιν
563 2342 639 2407 ὡς
664 2345 765 2416 τὴν
791 2346 1042 2419 ἄκαρπον
1074 2350 1461 2422 καταρώμενος
1494 2354 1795 2426 ἀποξηραί-

219 2445 311 2483 νει
362 2433 555 2505 συκῆν,
590 2434 739 2500 ὅπως
788 2437 884 2491 τοῦ
916 2439 1093 2495 δοκεῖν
1126 2438 1265 2496 εῐναι
1297 2443 1518 2510 δίκαιοι,
1552 2445 1612 2498 τὸ
1654 2439 1793 2501 εἶναι

224 2522 434 2595 μᾶλλον
462 2528 878 2600 προκρίναντες,
924 2531 1016 2588 τὸν
1060 2534 1159 2604 μὲν
1211 2534 1335 2589 καθ’
1366 2536 1656 2607 ὑπόκρισιν
1695 2540 1798 2609 τῆς

223 2613 432 2687 ⁴ἠθικῆς
458 2617 773 2684 ἐπιδείξεως
801 2622 1159 2693 ἑκδυσάμενοι
1207 2623 1441 2695 χιτῶνα,
1471 2627 1565 2680 τὸν
1610 2628 1798 2700 ἐνάρε-

219 2723 319 2760 τον
345 2709 433 2773 δι,
467 2709 650 2775 καθὼς
693 2713 723 2766 6
774 2712 916 2778 θεῖος
969 2714 1217 2784 βούλεται
1270 2716 1448 2786 λόγος,
1496 2718 1796 2784 ἀνοθεύτως

226 2799 587 2870 μετελθόντες
628 2803 768 2873 βίον,
803 2805 1044 2870 εὐσεϐῶς
1086 2806 1187 2879 τὴν
1237 2806 1382 2879 ζωὴν
1441 2809 1792 2879 διενέγκωσι,

219 2887 349 2959 Θεῷ
402 2891 606 2962 μᾶλλον
656 2894 757 2965 τῆς
801 2893 980 2966 ψυχῆς
1021 2896 1121 2968 τὴν
1171 2897 1488 2971 διάθεσιν,ἢ
1539 2904 1651 2965 τοῖς
1701 2903 1796 2955 ἀν-

223 2978 471 3051 θρώποις
528 2982 621 3037 τὸν
689 2985 849 3050 ἐκτὸς
896 2987 1332 3061 ἐπιδεικνύμενοι
1378 2994 1506 3063 περὶ
1545 2993 1616 3047 τά
1686 2993 1791 3066 ἤθη

221 3072 630 3142 σχηματισμόν.

1892 630 1956 669 ea
2004 615 2214 670 ratione
2244 632 2350 685 qua
2381 616 2562 669 omnia
2604 615 2849 671 continet
2874 625 2930 669 et
2967 623 3279 682 conservat,
3329 631 3462 686 pro-

1893 705 2153 775 videtquc
2216 705 2490 760 universis
2520 748 2534 771 ,
2588 712 2644 759 et
2685 705 2957 759 naturalia
3004 706 3211 759 semina
3256 712 3461 759 movet.

1892 797 2054 853 Certa
2086 807 2267 853 autem
2297 799 2510 852 ratione
2533 798 2699 852 etiam
2739 797 2793 849 in
2832 796 3088 852 omnibus
3118 797 3213 867 qui
3258 798 3313 851 in
3344 797 3465 868 lege

1895 898 2043 955 sunt,
2086 899 2357 959 quatenus
2406 888 2786 944 mandatorum
2815 889 3303 957 transgressionem
3332 888 3465 942 sub-

1898 990 2199 1045 monstrat,
2237 990 2293 1036 et
2321 982 2389 1036 ad
2435 982 2640 1037 Christi
2678 980 2997 1051 praedictam
3038 980 3462 1049 promissionem

1896 1074 2327 1145 cognoscendam
2354 1115 2369 1137 ,
2416 1075 2595 1129 lucem
2645 1074 2871 1144 praebet.
2905 1074 3110 1128 Pmter
3144 1071 3244 1127 hos
3281 1080 3463 1125 autem

1896 1166 2089 1220 modos
2117 1206 2132 1229 ,
2192 1166 2249 1220 in
2300 1167 2559 1221 omnibus
2606 1176 2691 1221 est
2734 1167 2829 1236 qui
2889 1164 3204 1221 Christiano
3240 1164 3465 1218 nomine

1896 1266 2212 1322 censentur,
2241 1257 2408 1311 etiam
2462 1267 2523 1312 ut
2570 1257 2880 1327 adoptionis
2927 1265 3137 1312 auctor.
3189 1255 3352 1326 528
3395 1254 3466 1310 Ut

1895 1358 2079 1404 autem
2111 1359 2302 1404 auctor
2334 1348 2635 1418 sapientia,
2665 1348 2720 1402 in
2749 1349 2899 1402 nullo
2925 1363 3137 1409 eorum,
3167 1362 3306 1416 quos
3325 1345 3467 1399 dixi-

1898 1457 2040 1507 mus,
2076 1442 2401 1515 simpliciter
2434 1450 2538 1505 est,
2577 1450 2940 1510 prwquuam
2988 1440 3042 1492 in
3074 1438 3181 1492 illis
3209 1438 3302 1507 qui
3333 1453 3465 1507 pru-

1897 1530 2080 1585 dentia
2107 1546 2171 1585 ac
2197 1529 2555 1600 intelligentia
2596 1527 2809 1598 praditi
2847 1536 2995 1590 sunt,
3028 1528 3232 1596 quique
3259 1541 3360 1595 per
3386 1526 3468 1579 vi-

1898 1632 2007 1677 tam
2061 1623 2264 1677 divinis
2294 1621 2541 1675 moribus
2591 1620 2917 1685 institutam,
2973 1620 3094 1689 ejus
3159 1617 3468 1673 dciticantis

1899 1714 2314 1769 inliabitationis
2342 1729 2400 1768 se
2426 1713 2618 1783 dignos
2640 1712 3009 1781 prmbuerunt.
3038 1711 3298 1780 Quisquis
3316 1710 3463 1765 enim

1899 1806 2111 1861 divinas
2134 1807 2443 1861 voluntates
2472 1820 2582 1859 non
2612 1804 2761 1867 facit,
2789 1802 2891 1858 etsi
2917 1802 3091 1857 fidelis
3124 1810 3226 1865 est,
3261 1817 3356 1855 cor
3377 1801 3463 1855 in-

1896 1898 2101 1968 sipiens
2128 1897 2312 1962 habet,
2345 1908 2601 1966 tanquam
2637 1896 2902 1950 malorum
2931 1894 3320 1963 cogitationum
3350 1890 3468 1945 ofﬁ-

1897 1991 2098 2056 cinam,
2128 2005 2193 2045 ac
2218 2005 2421 2060 corpus
2452 1988 2750 2043 obnoxium
2781 1986 3039 2057 peccatis,
3070 1994 3130 2038 ut
3164 1983 3310 2053 quod
3329 1998 3466 2037 sem-

1897 2098 1996 2152 per
2025 2082 2283 2137 vitiorum
2313 2097 2377 2135 ac
2420 2080 2712 2135 libidinum
2751 2076 3180 2148 inquinamentis
3223 2075 3465 2129 sordeat.

1966 2176 2054 2230 74.
2081 2176 2185 2242 Qui
2214 2174 2461 2229 omnium
2491 2176 2720 2227 salutem
2737 2167 2953 2241 expetit
2975 2172 3140 2234 Deus,
3163 2183 3467 2238 eorumque

1896 2266 2072 2323 esurit
2086 2265 2509 2329 deificationem,
2529 2263 2748 2318 illorum
2768 2261 2935 2315 animi
2959 2261 3155 2314 fastum
3179 2274 3242 2313 ac
3258 2258 3467 2329 jactan-

1899 2356 2053 2421 tiam,
2100 2357 2249 2411 velut
2288 2355 2682 2409 infructuosam
2726 2351 2886 2407 ﬁcum
2918 2349 3233 2404 maledictio
3284 2347 3466 2402 arefa-

1898 2445 1973 2501 cit
1995 2446 2073 2512 ³ος
2102 2454 2178 2509 ιιι,
2208 2460 2319 2515 pra:
2353 2459 2419 2498 eo
2443 2442 2589 2513 quod
2619 2452 2705 2496 est
2732 2441 2910 2512 justos
2936 2438 3141 2502 videri,
3173 2438 3346 2507 pluris
3383 2437 3466 2491 fa-

1897 2537 2107 2592 cientes
2136 2543 2196 2589 ut
2220 2535 2351 2606 justi
2377 2535 2556 2603 reipsa
2583 2532 2715 2594 sint,
2751 2528 3098 2585 simulatione
3124 2536 3468 2581 constantem

1896 2643 2110 2683 morum
2147 2624 2529 2683 ostentationis
2570 2622 2809 2678 tunicam
2841 2628 3128 2682 exuentes,
3177 2618 3471 2673 virtutum-

1895 2735 2003 2790 que
2034 2720 2156 2775 luce
2189 2718 2456 2772 nitentem
2490 2731 2555 2770 ac
2591 2714 2911 2776 studiosam,
2944 2721 3003 2765 ut
3027 2711 3211 2765 divina
3256 2709 3344 2764 lex
3382 2709 3471 2779 ju—

1895 2809 2009 2875 bet,
2037 2809 2249 2864 sincere
2279 2806 2446 2860 vitam
2471 2811 2872 2865 consectantes,
2896 2800 2982 2870 pie
3013 2798 3157 2869 quod
3184 2806 3268 2852 est
3302 2797 3470 2868 hujus

1896 2900 2158 2971 temporis
2185 2897 2522 2967 transigant;
2549 2895 2623 2949 ita
2649 2894 2911 2947 nimirum
2935 2900 2998 2945 ut
3023 2892 3132 2945 Deo
3158 2890 3341 2959 potius
3355 2888 3471 2943 ani-

1896 3008 2047 3047 mum
2072 2990 2385 3053 exhibeant,
2432 3003 2595 3058 quam
2625 2986 2869 3041 exterius
2909 2984 3219 3041 simulatam
3254 2997 3470 3038 morum

1896 3088 2134 3159 speciem
2156 3084 2477 3140 hominibus
2496 3089 2794 3137 ostentent.

297 3162 389 3220 os'.
417 3165 643 3237 Ἐτερός
681 3167 831 3222 ἐστιν
859 3170 887 3223 6
917 3168 1011 3224 τοῦ
1042 3173 1236 3236 ποιεῖν,
1265 3172 1359 3227 καὶ
1411 3174 1598 3244 ἕτερος
1630 3175 1660 3228 6
1696 3174 1791 3229 τοῦ

1967 3180 2052 3235 75.
2086 3178 2204 3233 Alia
2226 3184 2310 3231 est
2341 3174 2537 3246 agendi
2558 3173 2719 3237 ratio,
2743 3172 2849 3227 alia
2878 3170 3143 3242 patiendi.
3178 3171 3255 3225 Ac
3274 3170 3470 3241 agendi

218 3258 458 3330 πάσχειν
480 3259 636 3330 λόγος
662 3277 677 3292 ·
715 3263 811 3317 καὶ
853 3264 883 3317 6
922 3265 1021 3335 μὲν
1060 3266 1153 3320 τοῦ
1196 3271 1369 3321 ποιεῖν
1424 3268 1581 3338 λόγος
1622 3270 1790 3335 ἐστὶν,

218 3352 259 3423 ἡ
287 3355 488 3425 φυσικὴ
536 3354 673 3426 πρὸς
710 3356 922 3426 ἀρετῶν
958 3358 1240 3429 ἐνέργειαν
1272 3361 1501 3431 δύναμις
1532 3362 1599 3431 (ε)
1629 3377 1645 3393 ⁸
1680 3364 1708 3416 6
1738 3362 1795 3416 δὲ

218 3442 319 3499 τοῦ
346 3446 575 3516 πάσχειν
598 3487 614 3513 ,
648 3446 681 3518 ἢ
729 3448 889 3519 χάρις
911 3448 1019 3503 τῶν
1065 3450 1205 3521 ὑπὲρ
1253 3452 1490 3525 (priami)
1524 3453 1796 3525 σύμϐασις

219 3537 335 3590 ⁴τῶν
383 3537 536 3608 παρά
587 3538 769 3606 φύσιν.
808 3541 897 3606 Ὠς
935 3544 1046 3612 γὰρ
1094 3543 1189 3597 τοῦ
1223 3545 1516 3616 ὖπερόντος
1556 3548 1794 3618 φυσικὴν

217 3626 325 3681 οὐκ
363 3626 558 3698 ἔχομεν
578 3628 828 3700 δύναμιν,
860 3630 1034 3696 οὕτως
1060 3631 1185 3686 οὔτε
1224 3632 1317 3687 τοῦ
1363 3634 1436 3705 μὴ
1474 3634 1625 3699 ὄντος
1670 3636 1793 3707 ἔχο-

221 3734 330 3789 μεν
366 3719 523 3787 φύσει
552 3720 651 3791 τὴν
674 3720 922 3793 δύναμιν.
947 3723 1233 3795 Πάσχομεν
1270 3720 1364 3779 οὖν
1412 3726 1487 3791 ὡς
1519 3727 1658 3799 ὑπὲρ
1689 3729 1793 3798 φύ-

220 3826 312 3865 σιν
339 3804 504 3864 οὖσαν
525 3811 668 3866 κατὰ
695 3812 877 3885 χάριν,
905 3814 1019 3868 ἀλλ’
1041 3814 1101 3868 ού
1134 3815 1395 3886 ποιοῦμεν
1430 3817 1531 3889 τὴν
1561 3817 1789 3872 θέωσινο

216 3902 286 3956 οὗ
316 3901 426 3974 γάρ
457 3902 653 3974 ἔχομεν
677 3903 836 3975 φύσει
857 3905 1112 3976 δεκτικὴν
1140 3907 1240 3978 τῆς
1274 3907 1520 3973 θεώσεως
1542 3910 1791 3981 δύναμιν.

218 3991 337 4045 Καὶ
382 3994 664 4065 πάσχομεν
713 3994 877 4049 πάλιν
923 3995 999 4061 ὠς
1041 3997 1192 4067 παρά
1217 3997 1379 4067 φύσιν
1402 4038 1418 4064 ,
1440 3998 1633 4073 γνώμῃ
1654 4002 1793 4055 κατά

219 4082 499 4154 σύμϐασιν
525 4085 623 4157 τὴν
649 4088 849 4141 κακίαν
872 4104 888 4120 ο
923 4088 985 4141 οὑ
1020 4088 1129 4159 γὰρ
1156 4088 1351 4160 ἔχομεν
1398 4091 1534 4162 πρὸς
1579 4092 1793 4161 γένεσιν

218 4174 425 4239 κακίας
461 4177 693 4250 φυσικὴν
720 4178 962 4249 δύναμιν.
1000 4178 1269 4251 Ποιοῦμεν
1293 4175 1385 4234 οὖν
1430 4182 1661 4237 ἐνταῦθα
1692 4185 1793 4254 φύ-

220 4282 311 4320 σει
336 4266 488 4333 δντες
521 4268 618 4332 τάς
640 4270 863 4339 ἀρετὰς,
898 4270 1032 4341 πρὸς
1068 4271 1129 4324 τὸ
1150 4271 1351 4336 ταύτας
1382 4276 1557 4327 ποιεῖν
1581 4276 1793 4345 ἔχοντες

219 4358 460 4428 φυσικὴν
490 4357 589 4429 τὴν
620 4359 849 4429 δύναμιν
876 4376 889 4390 ·
928 4362 1209 4431 πάσχομεν
1240 4361 1298 4415 δὲ
1336 4366 1475 4417 κατά
1505 4365 1564 4418 τὸ
1600 4366 1792 4436 μέλλον

216 4448 323 4521 τὴν
357 4447 551 4503 Θέωσιν
576 4490 592 4515 ,
627 4451 726 4521 τὴν
757 4451 893 4523 πρὸς
926 4451 989 4505 τὸ
1026 4452 1220 4506 παθεῖν
1264 4452 1468 4527 ταύτην
1510 4459 1651 4513 κατὰ
1690 4459 1790 4512 δωο

224 4542 357 4611 ρεᾶς
388 4542 548 4612 χάριν
574 4542 873 4614 δεχόμενοι.

1895 3271 2117 3342 quidem
2143 3270 2304 3333 ratio,
2334 3266 2600 3322 naturalis
2630 3264 2860 3319 facultas
2890 3271 2975 3318 est
2998 3262 3334 3332 operationis
3353 3261 3471 3315 vir-

1894 3371 2107 3426 tutum;
2145 3357 2387 3430 patiendi
2438 3372 2569 3411 vero
2604 3355 2774 3421 ratio,
2824 3354 2908 3409 vel
2941 3369 3131 3408 eorum
3174 3353 3347 3424 gratia
3381 3359 3469 3407 est

1892 3467 2013 3523 (1υέ
2036 3459 2286 3504 naturam
2318 3455 2601 3518 superant,
2619 3446 2704 3500 γεΙ
2731 3460 2920 3500 eorum
2953 3460 3112 3499 casus
3132 3460 3195 3498 ac
3214 3458 3346 3497 even
3357 3452 3464 3509 tus,

1892 3558 2013 3612 qua
2052 3549 2179 3595 sunt
2228 3548 2427 3610 praeter
2483 3549 2757 3593 naturam.
2790 3535 3262 3603 Quemadmodum
3316 3533 3465 3589 enim

1891 3632 2010 3702 ejus
2036 3628 2182 3699 quod
2216 3628 2382 3683 rebus
2414 3626 2668 3696 superius
2703 3637 2807 3689 est,
2835 3622 3254 3693 haudquaquam
3301 3630 3466 3677 natu-

1893 3726 2062 3781 ralem
2106 3724 2419 3779 facultatem
2456 3721 2743 3785 habemus,
2790 3719 2864 3772 ita
2900 3733 3003 3772 nec
3028 3717 3144 3786 ejus
3190 3716 3333 3785 quod
3366 3730 3467 3770 nec

1891 3827 1979 3873 est
2004 3818 2058 3872 in
2100 3817 2287 3881 rebus,
2315 3813 2563 3870 seunihil
2590 3820 2695 3877 est,
2733 3811 2993 3866 facultate
3018 3816 3214 3862 natura
3248 3807 3465 3877 przediti

1892 3925 2100 3966 sumus.
2146 3909 2392 3963 Patimur
2421 3920 2573 3976 ergo,
2629 3913 2690 3958 ut
2721 3902 2865 3973 quod
2900 3909 3150 3954 naturam
3202 3904 3463 3967 superet.

1891 4017 2001 4057 non
2037 4015 2169 4055 vero
2210 3998 2459 4061 facimus,
2501 3996 2659 4065 cujus
2703 3992 2865 4048 nobis
2909 3998 3101 4046 auctor
3133 3990 3330 4060 gratia,
3360 3989 3466 4042 hoc

1892 4091 2039 4163 quod
2068 4091 2425 4153 deificamur;
2461 4087 2664 4157 quippe
2709 4086 2802 4155 qui
2844 4085 2961 4153 ejus
2984 4097 3237 4152 capacem
3268 4091 3466 4133 natura

1892 4184 2207 4239 facultatem
2262 4181 2464 4236 nullam
2503 4179 2819 4233 habeamus.
2871 4175 3082 4229 Rursus
3124 4188 3257 4227 vero
3314 4171 3470 4224 mali-

1893 4274 2024 4329 tiam
2049 4284 2214 4342 atque
2246 4272 2463 4335 vitium,
2485 4268 2631 4339 quod
2661 4277 2852 4322 contra
2881 4275 3154 4329 naturam,
3185 4262 3466 4316 voluntate

1893 4366 2172 4436 animique
2204 4365 2487 4422 sententia
2517 4362 2749 4425 accidat,
2777 4360 3045 4430 patimur;
3081 4356 3284 4425 quippe
3311 4354 3469 4421 Cujus

1893 4460 2121 4532 originis
2164 4458 2317 4513 nulla
2369 4456 2425 4511 in
2456 4454 2617 4510 nobis
2659 4450 2927 4507 naturalis
2952 4448 3184 4502 facultas
3221 4445 3465 4499 exsistat.

1826 4546 1868 4602 Ι)
1896 4552 2260 4622 Quamobrem
2292 4550 2422 4605 dum
2462 4545 2716 4618 praesenti
2737 4558 2853 4599 arvo
2879 4542 3109 4611 agimus.
3142 4546 3337 4592 natura
3359 4535 3471 4588 vir-

217 4644 371 4691 tutes
398 4652 711 4707 operamur,
739 4639 806 4694 ad
837 4655 973 4710 quas
1001 4642 1296 4711 praestandi
1320 4645 1555 4700 naturali
1589 4645 1845 4703 instructi
1905 4649 2161 4704 facultate
2187 4660 2416 4702 sumus:
2453 4643 2508 4697 in
2574 4642 2764 4697 futuro
2819 4646 3000 4693 autem
3064 4631 3468 4688 deitieationem

214 4725 481 4798 patimur,
511 4730 669 4799 cujus
696 4729 967 4799 patienda:
992 4732 1222 4802 gratiam
1253 4749 1316 4789 ac
1348 4750 1550 4790 munus
1582 4750 1613 4789 a
1650 4736 1759 4791 Deo
1800 4752 2226 4807 consequamur.

290 4824 397 4883 0;".
424 4819 688 4889 Ποιούμεν
717 4822 897 4890 ἡμεῖς,
934 4822 1019 4892 ἐφ’
1046 4824 1171 4877 ὅσον
1206 4826 1307 4896 τήν
1337 4843 1396 4879 τε
1442 4826 1552 4879 τῶν
1580 4828 1792 4898 ἀρετῶν

214 4910 509 4983 ποιητικὴν
534 4910 693 4981 φύσει
722 4911 946 4985 λογικὴν
968 4914 1166 4985 ἔχομεν
1202 4916 1427 4986 δύναμιν
1462 4918 1792 4988 ἐνεργουμέ-

213 5017 321 5072 νην
353 5017 368 5032 ·
399 5004 493 5057 καὶ
516 5003 616 5075 τὴν
645 5004 826 5076 πάσης
852 5003 1107 5075 γνώσεως
1139 5008 1394 5082 δεκτικὴν
1419 5009 1611 5081 νοεράν
1635 5010 1797 5082 ἀσχέ-

297 5165 345 5199 ⁸⁶
375 5163 565 5221 Matth.
600 5182 710 5232 ut,
750 5164 839 5222 l9-

262 5369 276 5382 .
290 5294 393 5382 (ε).
513 5298 746 5382 φυσικὴ
772 5300 1494 5382 πρὸς-ἀρετῶιορνἐρπειᾳν
1516 5304 1791 5382 δύναμις.

217 5369 312 5443 Sic
345 5369 630 5443 Maximus,
658 5370 763 5443 hoc
793 5369 941 5440 quod
972 5380 1058 5426 est
1085 5387 1248 5443 agere
1271 5369 1489 5441 definit,
1515 5369 1795 5431 Naturalis

218 5438 450 5515 facultas
478 5440 751 5515 oper-andi,
781 5438 873 5515 seu
896 5438 1182 5515 praestandi
1214 5444 1446 5515 virtutes.
1475 5438 1560 5502 Ἀθ
1590 5447 1796 5515 ubique

216 5508 282 5585 τὸ
311 5508 748 5585 ιρύσειχορροηίι
772 5509 869 5585 τῷ,
906 5512 1058 5585 παρᾲ
1092 5513 1271 5585 φύσιν.
1314 5514 1405 5570 Sic
1432 5516 1579 5585 loqui
1608 5508 1798 5571 doc-uit

219 5578 448 5655 Paulus,
483 5578 642 5655 Rom.
693 5595 749 5655 n_.
782 5579 952 5633 Ὅταν
992 5578 1125 5655 ἔθνη
1161 5582 1320 5655 φύσει
1363 5585 1433 5638 τὰ
1474 5578 1568 5638 τοῦ
1623 5586 1791 5655 νόμου

223 5650 355 5718 ποιῇ
392 5665 406 5680 ο
447 5650 600 5717 quasi
624 5665 687 5703 ea:
703 5648 863 5703 ductu
879 5657 1037 5725 atque
1064 5648 1313 5706 instinctu
1345 5663 1572 5719 naturae,
1603 5648 1794 5725 illique

219 5728 625 5800 consentanea;
682 5727 813 5800 tunc
870 5721 1036 5774 etiam
1069 5736 1194 5775 cum
1256 5725 1428 5800 gratia
1466 5721 1790 5792 excitamur,

223 5796 381 5849 extra
401 5804 564 5859 quam
595 5793 651 5843 in
693 5799 889 5845 natura
922 5801 1201 5861 corrupta,
1222 5808 1331 5848 non
1359 5793 1518 5864 φύσει
1555 5798 1788 5867 agimus,

1967 4830 2054 4883 76.
2082 4828 2307 4898 Agimus
2338 4842 2460 4889 nos,
2492 4835 2767 4896 quatenus
2794 4819 3045 4875 rationali
3067 4818 3324 4873 facultate
3350 4815 3467 4869 vir-

1902 4928 2083 4977 tutum
2109 4920 2387 4976 eﬂ‘ectrice
2415 4927 2609 4973 natura
2630 4914 2844 4987 ρεςεύίιί
2877 4929 3087 4979 sumus,
3118 4911 3468 4981 scientiaeque

1900 5009 2081 5067 omnis
2113 5024 2310 5080 capace
2359 5008 2608 5063 absolute
2639 5008 2840 5062 mentis
2874 5005 3163 5070 facultate,
3214 5017 3468 5058 omnem-

1901 5306 1998 5363 sed
2025 5306 2176 5377 παρά
2206 5305 2369 5376 φύσιν
2390 5321 2405 5338 ο
2430 5306 2533 5362 ειεί
2559 5305 2824 5361 Maximus
2851 5306 2991 5362 nihil
3013 5306 3105 5362 hic
3131 5307 3468 5376 peculiarius

1902 5377 1971 5432 de
1996 5378 2168 5448 gratia
2199 5378 2459 5448 explicat,
2485 5377 2602 5448 sine
2624 5392 2730 5445 qua
2765 5385 2983 5448 certum
3009 5386 3094 5432 est
3123 5392 3226 5432 nos
3248 5392 3359 5432 non
3381 5380 3468 5432 di-

1902 5445 2038 5518 gno's
2081 5445 2221 5501 etlici
2279 5445 2436 5501 beata
2493 5447 2585 5500 illa
2632 5447 2917 5518 passione,
2953 5463 3073 5517 qua:
3105 5455 3191 5501 est
3237 5448 3465 5518 Θέωσις,

1903 5516 2254 5587 perfectaque
2280 5533 2405 5587 cum
2434 5518 2544 5571 Deo
2593 5517 2900 5587 similitudo
2950 5516 3183 5587 ejusque
3225 5517 3464 5586 adeptio,

1904 5586 2128 5641 Omnino
2156 5586 2433 5641 excedens
2456 5586 2564 5639 vim
2600 5595 2658 5640 et
2693 5586 3006 5642 facultatem
3045 5595 3252 5642 natura;
3277 5587 3465 5656 (etiam

1901 5657 2079 5726 quoad
2115 5657 2360 5721 modum)
2386 5658 2536 5710 omni
2579 5657 2805 5726 proprio
2839 5667 2961 5711 actu
2998 5658 3051 5710 in
3086 5670 3150 5709 ea
3191 5665 3467 5726 cessante.

1899 5725 2010 5783 Deo
2048 5727 2152 5781 sibi
2196 5728 2417 5795 penitus
2443 5725 2692 5780 animum
2714 5727 3039 5796 subjiciente
3069 5726 3231 5783 beato
3258 5725 3353 5782 illo
3386 5725 3466 5782 si-

1897 5798 2088 5864 lentio,
2135 5798 2363 5867 ejusque
2388 5796 2607 5852 fruendi
2633 5796 2779 5855 felici
2810 5796 3159 5854 necessitate.
