4192 6436
712 366 844 430 1211

1876 357 1935 416 S.
1979 356 2262 417 MAXIM]
2303 355 2813 423 CONFESSORIS

3825 372 3963 436 1213

706 499 817 553 que
847 494 1034 536 rerum
1061 493 1125 532 ac
1164 474 1440 530 scihiliam
1481 480 1730 524 naturam
1765 482 2083 539 superante,
2123 479 2286 540 atque

2412 489 2496 534 τως
2541 473 2793 543 δύναμιν,
2825 479 3004 530 πᾶσαν
3059 479 3168 532 τῶν
3209 479 3378 534 όντων
3416 483 3508 535 καὶ
3540 487 3966 552 γινωσκομένων

707 574 898 628 omnia
939 570 1138 625 sateula
1175 575 1322 620 retro
1352 581 1409 618 se
1449 564 1789 630 relinquente
1815 580 1827 614 :
1854 561 2017 630 529
2051 563 2290 630 patimur

708 684 867 730 vero,
900 679 1024 719 cum
1042 658 1280 730 perfecte
1306 656 1579 726 superatis
1614 670 1798 708 rerum
1827 670 1890 709 ex
1917 653 2090 706 nihilo
2120 652 2290 706 ratio-

712 760 900 817 nibus,
929 754 998 809 ad
1034 765 1220 806 rerum
1247 750 1544 803 Auctorem
1571 746 1752 815 ignote
1785 743 2127 804 venerimus,
2153 758 2290 795 una-

713 866 819 921 que
844 862 971 902 cum
995 845 1164 899 rebus
1193 852 1390 896 natura
1419 839 1604 900 finitis,
1623 835 1982 891 cessationem
2007 834 2292 901 otiumque

714 940 919 994 nostris
955 937 1058 1008 ipsi
1089 931 1443 989 facultatibus
1461 929 1849 991 indixerimus;
1875 925 2009 979 illud
2031 924 2294 978 nimirum

716 1029 927 1095 cﬂ'ecti,
963 1026 1111 1097 quod
1140 1023 1404 1078 naturalis
1446 1019 1718 1074 facultatis
1758 1017 2181 1087 haudquaquam
2223 1016 2297 1071 fa-

716 1123 880 1176 cinus
901 1119 1138 1176 exsistit.
1174 1116 1294 1170 Non
1329 1113 1474 1168 enim
1500 1120 1801 1175 natura,ea
1837 1109 1889 1163 vi
1925 1109 2154 1179 prtedita
2187 1117 2293 1175 est,

716 1231 840 1284 quae
871 1214 943 1268 sit
971 1205 1491 1278 comprehendendo
1512 1204 1657 1272 quod
1693 1210 1886 1256 natura
1911 1202 2167 1271 superius
2190 1208 2293 1255 est.

720 1301 1135 1358 Deillcationem
1169 1297 1317 1352 enim
1359 1296 1505 1366 quod
1540 1293 1759 1359 efﬁciat,
1812 1292 1952 1346 nihil
2006 1293 2060 1345 in
2100 1292 2298 1345 creatis

720 1401 825 1456 est,
859 1389 1007 1461 quod
1067 1404 1244 1455 neque
1294 1386 1348 1438 in
1397 1385 1478 1438 eis
1528 1381 1733 1450 aliquid
1775 1389 1897 1444 est,
1940 1378 2088 1448 quod
2127 1379 2298 1431 Deum

723 1485 900 1555 possit
925 1479 1414 1550 comprehendere.
1457 1475 1512 1527 ld
1540 1474 1682 1527 enim
1717 1471 1916 1525 divina:
1955 1469 2300 1524 solummodo

724 1576 911 1646 gratia:
949 1572 1231 1643 proprium
1263 1577 1366 1630 est,
1404 1577 1464 1622 ut
1487 1574 1635 1620 certa
1664 1565 1899 1634 quadam
1935 1563 2146 1616 ratione
2185 1562 2302 1615 dei-

727 1663 1040 1718 licationem
1077 1659 1242 1714 rebus
1293 1657 1530 1721 tribuat;
1583 1670 1704 1722 qua:
1738 1653 1996 1706 nimirum
2026 1663 2298 1714 naturam,

726 1757 848 1810 luce
882 1762 1141 1808 naturam
1171 1750 1502 1810 excedente,
1560 1746 1816 1807 illustret,
1867 1758 2144 1812 supraque
2172 1757 2301 1811 pro-

725 1847 876 1915 prios
907 1844 1043 1898 flues
1068 1840 1385 1896 excelientia
1416 1836 1601 1906 gloria:
1634 1851 1695 1888 ac
1720 1833 1984 1887 claritatis
2017 1834 2215 1886 elevet.

798 1937 894 1990 77.
933 1935 1054 1989 Vita
1095 1934 1198 1986 hac
1236 1929 1531 2000 perfuncti,
1579 1927 1810 1980 virtutes
1855 1940 2132 1978 cessamus
2162 1939 2302 1992 prte-

729 2035 908 2090 stare;
956 2039 1145 2078 earum
1184 2031 1365 2075 tamen
1412 2020 1558 2083 loco,
1606 2031 1888 2086 nunquam
1939 2030 2036 2084 per
2072 2013 2304 2083 gratiam

729 2117 842 2186 pati
889 2129 1188 2177 cessamus,
1232 2114 1356 2175 hoc,
1391 2110 1537 2180 quod
1584 2109 1786 2162 dcitatc
1836 2107 2129 2159 donantur.
2175 2103 2306 2169 Qua:

728 2209 878 2262 enim
923 2223 1090 2276 supra
1131 2217 1384 2258 naturam
1417 2202 1600 2271 passio
1637 2211 1744 2262 est,
1781 2197 1949 2252 nullis
1983 2204 2307 2266 angustatur

731 2295 1007 2357 terminis,
1039 2292 1187 2363 quod
1223 2291 1406 2345 vivida
1435 2305 1498 2344 ac
1517 2289 1702 2343 efiicax
1725 2297 1839 2351 est;
1869 2302 1988 2354 qua:
2021 2293 2201 2338 autem
2225 2290 2307 2337 est

732 2395 931 2456 prmtcr
955 2394 1206 2438 naturam
1238 2383 1425 2451 illique
1459 2381 1710 2444 adversa,
1736 2393 1840 2432 nec
1869 2393 1996 2431 vere
2021 2385 2125 2441 est,
2157 2374 2307 2445 quod

731 2479 966 2533 obscura
997 2491 1058 2531 ac
1083 2474 1300 2529 infirma
1331 2483 1436 2527 est.

803 2568 891 2622 78.
936 2567 1258 2621 Divinorum
1311 2565 1582 2618 honorum
1625 2563 1833 2625 formre,
1877 2570 1989 2614 tum
2037 2560 2309 2613 virtutum

731 2661 881 2716 modi
915 2670 1065 2724 sunt,
1096 2668 1213 2714 tum
1244 2675 1428 2712 rerum
1465 2656 1736 2719 rationes;
1766 2653 1972 2723 quibus
1995 2652 2140 2706 Deus
2173 2666 2312 2704 scin-

730 2771 833 2826 per
869 2755 1034 2808 homo
1081 2751 1168 2817 fit;
1208 2759 1270 2806 ut
1319 2764 1516 2818 nempe
1558 2761 1779 2816 corpus,
1810 2745 2074 2798 virtutum
2121 2742 2314 2796 modos

734 2844 976 2907 habens;
1019 2850 1076 2895 ut
1101 2855 1235 2894 vero
1261 2838 1524 2903 animam,
1551 2836 1798 2892 scientia:
1829 2836 2092 2897 rationes,
2113 2831 2315 2902 quibus

732 2951 829 2988 eos
862 2934 956 3003 qui
992 2933 1104 2986 sint
1147 2931 1298 3000 digni
1341 2927 1584 2994 deiﬁcat,
1618 2943 1747 2981 vere
1789 2926 2166 2987 exsistentcm,
2200 2922 2307 2975 vir-

735 3027 872 3082 tutis
929 3025 1304 3078 characterem
1366 3020 1656 3091 praebens,
1711 3032 1962 3086 vernulue
2029 3031 2093 3069 ac
2151 3023 2315 3069 certa:

733 3118 1000 3183 scientiae,
1042 3131 1163 3186 quae
1199 3114 1379 3184 reipsa
1416 3114 1508 3178 sit,
1535 3109 1898 3165 substantiam
1935 3107 2208 3162 tribuens.

805 3304 892 3358 79.
952 3303 1155 3358 Fidelis
1209 3301 1446 3365 animus,
1485 3315 1551 3354 ac
1595 3297 1689 3367 qui
1731 3297 2006 3352 actionem
2057 3296 2207 3355 colit,
2258 3294 2316 3349 in

736 3408 944 3448 morem
983 3392 1155 3446 sancti
1186 3390 1354 3453 Petri,
1383 3389 1451 3443 ab
1481 3387 1695 3442 Herode
1736 3385 1876 3456 (lege
1910 3385 2125 3440 scilicet
2160 3384 2312 3453 pelli-

735 3501 872 3551 cca;
916 3482 1158 3537 Herodes
1181 3483 1350 3546 enim,
1385 3481 1431 3535 si
1472 3494 1672 3534 nomen
1718 3475 2118 3546 interpreteris,
2159 3474 2315 3544 pelli-

737 3592 857 3630 ceu
913 3574 1141 3637 dicitur,
1182 3588 1304 3643 quae
1357 3579 1442 3627 est
1492 3569 1674 3625 carnis
1729 3567 2043 3638 prudentia)
2099 3576 2313 3631 tentus;

739 3668 844 3723 sub
883 3665 1091 3736 duplici
1134 3665 1412 3720 clauditur
1451 3661 1735 3725 custodia;
1775 3675 1989 3728 unaque
2018 3667 2176 3728 porta
2206 3659 2317 3712 fer-

740 3775 869 3825 rea;
917 3759 1014 3828 qui
1061 3767 1177 3832 tum
1220 3757 1482 3810 vitiorum
1528 3755 1648 3823 ipso
1697 3768 1865 3821 opere
1905 3759 2163 3821 actuque,
2202 3759 2318 3804 tum

741 3852 944 3907 mentis
978 3851 1033 3904 in
1074 3866 1138 3904 ea
1175 3863 1448 3904 consensu
1491 3846 1885 3914 impugnetur:
1927 3861 2091 3913 quem
2130 3843 2319 3912 utique

742 3944 1017 4014 duplicem
1045 3956 1321 3997 carcerem
1357 3955 1455 3994 seu
1499 3938 1828 4002 custodiam,
1882 3937 1974 3991 ubi
2014 3952 2111 4006 per
2142 3936 2322 4006 philo-

744 4034 952 4104 sOphia:
985 4031 1256 4087 studentis
1296 4029 1499 4084 actioni
1538 4043 1866 4093 sermonem,
1917 4038 1976 4082 ut
2017 4043 2115 4097 per
2159 4043 2324 4096 ange-

744 4129 883 4192 lum,
921 4127 1126 4196 illoque
1180 4123 1435 4196 praeduce
1478 4121 1779 4187 transierit,
1824 4122 1975 4176 venit
2007 4121 2075 4175 ad
2109 4128 2322 4189 portam

743 4215 1004 4281 ferream,
1041 4230 1162 4285 qua:
1200 4213 1268 4267 ad
1309 4213 1588 4268 civitatem
1638 4211 1792 4265 ducit
1838 4211 2071 4281 (lii-mam
2115 4211 2325 4265 scilicet

745 4307 1049 4376 duramque
1092 4321 1155 4360 ac
1192 4303 1416 4358 difﬁcile
1458 4302 1826 4372 superabilem
1866 4301 2199 4357 sententiam
2239 4301 2322 4355 vi-

748 4399 894 4452 rium
940 4398 994 4452 in
1044 4414 1130 4453 res
1170 4399 1278 4452 illis
1311 4399 1586 4468 sulijectas
1625 4393 2006 4449 habitudinem
2041 4408 2104 4447 ac
2143 4393 2327 4447 libidi-

2390 565 2551 632 φύσιν
2581 569 2983 635 διαϐαίνουσαν,
3015 574 3107 627 καὶ
3130 573 3342 636 πάντας
3363 576 3585 628 κατόπιν
3617 577 3818 644 ἑαυτῆς
3839 579 3970 639 τοὺς

2389 657 2593 722 αἰῶνας
2639 660 2967 732 ποιουμένην
2997 680 3012 694 ·
3048 665 3332 735 πάσχομεν
3397 667 3474 728 δὲ,
3531 667 3697 737 ἡνίκα
3748 667 3861 718 τῶν
3909 667 3973 730 ἐξ

2391 751 2491 803 οὐκ
2529 750 2697 804 ὄντων
2729 753 2856 814 τοὺς
2901 753 3090 820 λόγους
3136 756 3360 819 τελείως
3397 758 3736 826 περάσαντες
3771 762 3861 826 (ι),
3889 761 3973 819 εἱς

2393 840 2492 911 τὴν
2512 841 2622 894 τῶν
2650 841 2820 895 όντων
2842 842 3136 910 ἀγνώστως
3171 845 3414 916 ἔλθωμεν
3456 847 3667 912 Διτίαν,
3691 850 3791 902 καὶ
3839 867 3972 914 συγ-

2394 931 2834 1004 καταπαύσωμεν
2858 937 2971 998 τοῖς
2992 936 3153 1003 φύσει
3177 940 3619 1008 πεπερασμένοις
3637 942 3739 1003 τὰς
3761 941 3973 1002 alits-11;

2395 1023 2672 1093 δυνάμεις,
2714 1027 2892 1078 έκεῖνο
2919 1027 3232 1096 γινόμενοι,
3271 1028 3409 1098 ὅπερ
3458 1031 3559 1099 τῆς
3617 1031 3761 1082 κατᾶ
3809 1031 3973 1097 cpiam

2396 1115 2678 1185 δυνάμεως
2717 1117 2968 1188 οὐδαμῶς
2987 1118 3223 1190 ὑπάρχει
3249 1119 3578 1190 κατόρθωμα
3608 1137 3623 1149 ·
3664 1123 3858 1192 ἐπειδὴ
3878 1123 3972 1174 τοῦ

2399 1208 2538 1277 ὑπὲρ
2567 1208 2749 1276 φύσιν,
2772 1209 2806 1279 ἡ
2840 1209 3002 1275 φύσις
3027 1211 3442 1282 καταληπτικὴν
3469 1213 3532 1266 ού
3564 1213 3834 1282 κέκτηται
3879 1214 3972 1266 δύ-

2399 1317 2563 1369 ναμιν
2599 1315 2612 1329 ο
2651 1298 2901 1363 θεώσεως
2923 1300 3034 1370 γὰρ
3062 1301 3216 1354 οὐδὲν
3246 1303 3473 1370 γενητὸν
3490 1302 3632 1355 κατὰ
3659 1302 3824 1370 φύσιν
3857 1303 3976 1354 ἐστὶ

2401 1390 2682 1460 ποιητικὸν
2701 1431 2715 1452 ,
2742 1391 2932 1461 ἐπειδὴ
2983 1392 3119 1462 μηδὲ
3151 1391 3286 1445 Θεοῦ
3322 1395 3725 1464 καταληπτικόν
3756 1413 3772 1425 ο
3806 1396 3976 1464 μόνης

2400 1483 2510 1551 γὰρ
2537 1485 2635 1551 τῆς
2655 1481 2805 1542 Οεὶας
2830 1482 3053 1552 χάριτος
3082 1483 3210 1536 ἴδιον
3236 1483 3394 1536 τοῦτο
3427 1487 3672 1553 πέφυκεν
3707 1481 3852 1537 εἶναι
3877 1526 3891 1545 ,
3919 1486 3978 1537 τὸ

2401 1573 2678 1640 ἀναλόγως
2707 1577 2821 1636 τοῖς
2871 1569 2990 1628 οὖσι
3037 1575 3356 1646 χαρίζεσθαι
3401 1577 3598 1630 θέωσιν
3637 1595 3650 1605 ·
3686 1580 3790 1647 τῆς
3836 1579 3978 1646 λαμ-

2403 1665 2713 1733 πρυνούσης
2742 1664 2841 1736 τὴν
2875 1666 3037 1735 φύσιν
3070 1667 3150 1736 τῷ
3188 1669 3327 1738 ὑπὲρ
3357 1668 3520 1736 φύσιν
3553 1669 3714 1735 φωτὶ,
3749 1669 3979 1721 καὶτῶν

2402 1756 2615 1808 οἰκείων
2646 1757 2788 1824 ὅρων
2817 1757 2987 1827 αὐτὴν
3011 1759 3287 1828 ὑπεράνω,
3319 1759 3462 1813 κατά
3510 1760 3611 1829 τὴν
3671 1760 3981 1830 ύπερὸολὴι

2403 1847 2500 1915 τῆς
2516 1847 2694 1915 δόξης,
2726 1848 3067 1917 ποιουμένης.

2483 1939 2578 2003 οξ.
2613 1941 2724 2003 Τὰς
2754 1940 2954 2011 ἀρετὰς
2989 1941 3288 2005 ποιοῦντες,
3325 1943 3462 2012 μετά
3496 1943 3650 2011 τήνδε
3696 1943 3987 2013 παυόμεθα

2406 2031 2502 2100 τὴν
2556 2030 2703 2098 ζωήν
2735 2046 2748 2058 ·
2785 2030 2884 2099 τὴν
2913 2029 2968 2083 δὲ
2994 2031 3135 2084 κατὰ
3169 2031 3327 2101 χάριν
3358 2031 3499 2100 ὑπὲρ
3533 2033 3712 2083 αὐτῶν
3744 2033 3806 2084 οὗ
3849 2049 3989 2082 παυ-

2405 2121 2577 2189 όμεθα
2603 2121 2901 2189 πάσχοντες
2923 2120 3142 2174 Οέωσιν.
3173 2121 3244 2174 Τὸ
3272 2123 3381 2191 γὰρ
3413 2123 3554 2192 ὑπὲρ
3585 2122 3749 2189 φύσιν
3788 2123 3986 2185 πάθος,

2408 2213 2678 2282 ἀόριστον,
2709 2214 2790 2264 δτι
2813 2215 2908 2265 καὶ
2938 2213 3228 2280 δραστικόν
3255 2232 3267 2244 ·
3300 2215 3360 2268 τὺ
3382 2215 3439 2268 δὲ
3471 2215 3622 2285 παρά
3650 2215 3836 2284 φύσιν,
3888 2215 3985 2267 ἀν-

2410 2304 2708 2374 ύπαρκτον,
2735 2305 2816 2357 ὅτι
2847 2305 2940 2358 καὶ
2965 2305 3210 2376 ἀδρανὲς.

2483 2572 2582 2635 οη¹.
2613 2566 2732 2618 Τῶν
2784 2565 2942 2619 Θεέων
2990 2566 3213 2632 ἀγαθῶν
3268 2565 3466 2629 τύποι,
3497 2568 3549 2619 οἶ
3607 2585 3666 2620 τε
3723 2570 3999 2637 κατ’ὰρε-

2409 2661 2507 2731 τὴν
2559 2660 2771 2728 τρόποι,
2829 2659 2922 2710 καὶ
2975 2659 3024 2710 οἱ
3068 2658 3173 2711 τῶν
3219 2658 3388 2713 ὄντων
3435 2659 3622 2727 λόγοι·
3676 2656 3758 2723 οἷς
3793 2663 3823 2714 ό
3860 2661 3994 2723 Θεὶς

2411 2749 2701 2810 διαπαντὸς
2783 2749 3064 2820 ἄνθρωπος
3144 2751 3392 2818 γίνεται.
3448 2751 3522 2814 ώς
3613 2752 3719 2817 μὲν
3778 2753 3942 2820 σῶμα
3979 2790 3997 2811 ,

2413 2844 2537 2904 τοὺς
2607 2841 2840 2911 τρόπους
2907 2840 3045 2910 ἔχων
3119 2841 3227 2893 τῶν
3291 2841 3520 2911 ἀρετῶν,
3551 2843 3627 2904 ὡς
3688 2843 3745 2895 δὲ
3790 2841 4000 2911 ψυχὴν,

2413 2935 2539 2994 τοὺς
2582 2935 2640 2986 ὲν
2685 2932 2958 3000 πνεύματι
3017 2931 3211 2999 λόγους
3259 2931 3360 3001 τῆς
3407 2933 3680 2999 γνώσεως,
3733 2928 3811 2996 οἷς
3871 2934 4003 2994 τοὺς

2417 3025 2602 3089 ἀξίους
2651 3023 2910 3082 Θεοποιεί.
2960 3024 3284 3094 χαρακτῆρα
3343 3025 3516 3088 διδοὺς
3548 3025 3748 3095 ἀρετῆς
3800 3025 4006 3078 hui-:6-

2341 3151 2384 3210 C
2419 3131 2632 3177 στατον,
2691 3113 2786 3165 καὶ
2841 3112 3115 3177 ἀπλανοῦς
3162 3113 3414 3182 γνώσεως
3473 3115 3713 3167 ὲνούσιον
3771 3114 4005 3184 χαριζό-

2423 3225 2578 3277 μενος
2609 3206 2862 3276 ὓπαρξιν.

2487 3298 2583 3351 οϐ’.
2629 3298 2688 3349 ’0
2725 3297 2936 3363 πιστός,
2965 3296 3107 3350 κατά
3143 3296 3234 3350 τὸν
3283 3298 3437 3365 ἆγιον
3466 3297 3691 3368 Πέτρον,
3725 3299 3822 3349 καὶ
3857 3315 4011 3369 πρα-

2417 3397 2601 3458 κτικὸς
2618 3395 2763 3459 νοῦς,
2799 3397 2904 3448 ὑπὸ
2934 3395 3174 3466 Ἡρώδου
3197 3393 3398 3464 κρατού
3411 3411 3591 3463 μενος.
3615 3394 3710 3447 τοῦ
3741 3395 4011 3466 δερματί-

2417 3507 2508 3540 νου
2539 3487 2705 3556 νόμου
2740 3499 2756 3515 ⁸
2804 3486 3157 3556 ὅερμάτινος
3194 3487 3304 3556 γὰρ
3351 3487 3381 3537 ό
3424 3486 3668 3553 Ἡρώδης
3724 3486 4008 3555 ἑρμηνεύ-

2419 3598 2555 3644 εται,
2592 3581 2727 3652 ὅπερ
2761 3582 2878 3634 ἐστὶ
2911 3580 2972 3632 τὸ
3013 3579 3270 3649 φρόνημα
3311 3579 3412 3647 τῆς
3475 3580 3675 3647 σαρκός
3707 3596 3721 3610 ·
3759 3579 3869 3630 ὑπὸ
3910 3579 4011 3632 δύο

2421 3673 2764 3741 συγκλείεται
2813 3671 3062 3740 φυλακὰς
3099 3672 3156 3732 ⁹,
3184 3670 3278 3723 καὶ
3342 3671 3474 3739 μίαν
3522 3669 3698 3740 πύλην
3750 3671 4010 3739 σιδηρᾶν,

2420 3763 2822 3834 πολεμούμενος
2854 3764 2916 3815 ἔκ
2954 3781 3011 3814 τε
3043 3765 3141 3832 τῆς
3172 3762 3282 3815 τῶν
3333 3760 3523 3813 παθῶν
3567 3761 3876 3828 ἐνεργείας,
3914 3762 4013 3812 καὶ

2419 3855 2518 3924 τῆς
2551 3853 2690 3906 κατά
2717 3852 2951 3905 διάνοιαν
2987 3852 3080 3904 ἐπὶ
3119 3853 3232 3914 τοῖς
3272 3849 3468 3903 πάθεσι
3517 3847 4009 3916 συγκαταθέσεως,

2423 3947 2487 4009 ἃς
2511 3963 2662 4008 τινας
2695 3943 2946 4013 καθάπερ
2981 3941 3252 4010 φυλακὰς,
3285 3943 3452 4011 ήγουν
3477 3940 3701 4010 εἱρκτάς
3722 3981 3738 4002 ,
3768 3939 3863 3992 διὰ
3913 3940 4014 3992 τοῦ

2421 4043 2579 4110 λόγου
2632 4043 2729 4112 τῆς
2781 4042 3091 4111 πρακτικῆς
3143 4038 3485 4106 φιλοσοφίας,
3526 4037 3602 4100 ὡς
3651 4035 3720 4090 δι⁹
3769 4037 4015 4103 ἀγγέλου

2422 4132 2779 4203 διαπεράσας,
2815 4131 3032 4202 ἔρχεται
3068 4129 3162 4184 ἐπὶ
3189 4130 3286 4199 τὴν
3309 4129 3483 4198 πύλην
3511 4128 3610 4198 τὴν
3645 4128 3881 4195 σιδηρᾶν
3906 4129 4010 4196 τὴν

2428 4225 2700 4295 φέρουσαν
2731 4225 2811 4286 εἰς
2829 4222 2928 4292 τὴν
2961 4221 3117 4275 πόλιν
3149 4237 3162 4251 '
3195 4220 3296 4290 τὴν
3333 4219 3471 4290 πρὸς
3499 4219 3567 4272 τὰ
3601 4219 3842 4286 αἰσθητά
3871 4219 4017 4285 λέγω

2425 4315 2533 4367 τῶν
2574 4313 2903 4384 αἰσθήσεων,
2944 4310 3180 4382 στερρὰν
3223 4311 3318 4364 καὶ
3355 4310 3629 4378 ἀπότομον
3679 4310 3777 4361 καὶ
3812 4309 4019 4361 δυσκα-

2426 4406 2740 4475 ταμάχητον
2779 4405 2961 4472 σχέσιν
2993 4419 3004 4431 ·
3044 4402 3112 4472 ἢν
3141 4403 3170 4455 ὁ
3213 4401 3313 4471 τῆς
3356 4399 3595 4468 φυσικῆς
3634 4400 3693 4451 ὲν
3733 4399 4016 4466 πνεύματι

748 4490 898 4559 nem)
929 4504 1092 4559 quam
1118 4489 1382 4544 naturalis
1409 4490 1466 4543 in
1497 4485 1695 4557 spiritu
1720 4484 2113 4554 speculationis
2141 4499 2310 4538 sermc

2429 4496 2663 4566 Θεωρίας
2695 4493 2979 4560 διανοίγων
3007 4492 3165 4559 λόγος
3186 4490 3522 4559 αὐτομάτην,
3548 4489 3687 4558 πρὸς
3716 4490 3789 4541 τὰ
3819 4506 4020 4556 συγγε-

749 4583 899 4637 ultro
935 4582 1210 4652 aperiens,
1254 4581 1322 4634 ad
1362 4581 1545 4636 afﬁnia
1569 4582 1678 4651 jam
1714 4577 2051 4636 intellectilia
2080 4586 2321 4633 mentem

749 4673 820 4726 ab
885 4670 1115 4728 Ilerodis
1179 4671 1390 4728 insania
1445 4672 1755 4735 liberatam,
1809 4669 2080 4741 intrepide
2147 4679 2326 4726 trans-

749 4762 941 4818 mittit.

819 4919 840 4940 ⁹
865 4916 1070 4984 Quaast.
1100 4916 1171 4973 24
1202 4917 1268 4972 ad
1302 4917 1543 4982 Thalas.,
1576 4917 1805 4987 φύλακε.

827 5072 891 5142 (ι)
931 5071 1053 5126 Τῶν
1075 5071 1144 5135 ἐξ
1169 5073 1277 5124 οὐκ
1299 5072 1488 5125 ὄντων
1525 5073 1661 5139 τοὺς
1683 5074 1903 5141 λόγους
1930 5074 2321 5142 περάσαντες.

757 5145 989 5214 Rerum,
1017 5158 1134 5214 qua:
1182 5142 1447 5214 επνιιίζιίιο
1498 5153 1658 5206 sunt,
1719 5144 2009 5198 rationibus
2043 5149 2324 5214 superatis.

757 5213 915 5281 Quod
966 5213 1165 5281 smpius
1204 5213 1312 5264 τῶν
1341 5213 1542 5273 ὄντων,
1578 5214 1842 5267 Maximus
1870 5224 1925 5267 et
1953 5215 2045 5268 alii
2098 5216 2325 5280 dicunt;

758 5293 909 5340 certe
947 5283 1006 5346 ἐξ
1024 5285 1124 5335 οὐκ
1145 5282 1344 5354 ὄντων,
1371 5283 1462 5335 ubi
1489 5285 1793 5354 presertim
1821 5283 1897 5354 τῷ
1929 5284 2041 5354 (iv-ri
2076 5285 2330 5340 absolute

758 5360 1134 5424 opponuntur.
1184 5351 1275 5406 Sic
1303 5353 1477 5414 clara,
1513 5353 1650 5406 male
1688 5351 1890 5411 Picus.
1929 5353 2173 5424 Patimur
2215 5372 2333 5424 cum

758 5422 1026 5478 sermones
1053 5422 1116 5475 de
1154 5424 1231 5476 his
1267 5438 1384 5491 qua:
1416 5440 1517 5476 non
1551 5434 1694 5484 sunt,
1732 5424 1910 5476 haberi
1955 5423 2145 5488 solent,
2184 5423 2334 5494 plene

761 5493 1111 5564 transgressi;
1135 5494 1341 5564 quibus
1387 5508 1488 5546 nec
1522 5494 1660 5545 mica
1687 5509 1904 5547 sensus.
1928 5494 2162 5561 Parique
2186 5493 2326 5548 fere

760 5562 1062 5634 ἀστοχασίᾳ
1092 5563 1168 5634 illi
1195 5562 1491 5624 redditum,
1511 5564 1655 5634 quod
1674 5566 1785 5617 alto
1812 5564 1950 5618 adeo
1968 5579 2130 5616 sensu
2156 5565 2326 5618 Maxi—

764 5651 890 5689 mus
913 5634 980 5687 de
1014 5633 1206 5687 eadem
1241 5634 1303 5686 in
1346 5635 1519 5700 patria
1551 5633 1918 5694 deiﬁcatione,
1966 5636 2140 5685 ὲκεῖνο
2186 5634 2327 5699 γινό-

769 5721 940 5773 μενοι,
960 5705 1095 5773 ὅπερ
1111 5703 1211 5772 τῆς
1226 5704 1366 5756 κατὰ
1387 5703 1544 5771 φύσιν
1565 5705 1864 5772 δυνάμεως,
1885 5704 2133 5772 οὐδαμῶς
2157 5704 2330 5773 ὑπάρο

769 5721 940 5773 μενοι,
960 5720 1054 5756 one
1111 5721 1211 5772 της
1226 5720 1366 5756 κατα
1387 5720 1544 5771 φυσιν
1565 5720 1864 5772 ουναμεως,
1885 5720 2133 5772 ουοαμως
2157 5720 2265 5756 υπα
2307 5733 2329 5744 ο

767 5791 852 5845 χει
882 5720 1226 5845 κατόρθρωμα.
1266 5773 1377 5830 Hoc
1415 5773 1730 5845 pra'clurum
1764 5774 2030 5835 facultatis
2065 5720 2329 5828 naturaiis

2428 4587 2496 4656 νῆ
2527 4586 2693 4656 νοητά
2727 4583 2911 4637 λοιπὸν
2944 4582 3160 4651 ἀφόδους
3210 4579 3303 4634 τδν
3333 4579 3458 4633 νοῦν
3502 4581 3880 4649 παραπέμπει
3920 4579 4020 4649 τῆς

2440 4676 2680 4748 Ἡρώδου
2716 4674 2915 4746 μανίας
2941 4672 3244 4743 ἐλεύθερον.

2429 5078 2635 5146 facinus
2668 5078 2913 5137 assecuti.
2962 5075 3102 5146 quod
3142 5073 3685 5146 nusquamsuftsistit.
3715 5071 4023 5146 Egregium

2428 5142 2580 5200 certe
2610 5147 2824 5201 facinus
2847 5142 3006 5208 illud,
3032 5145 3180 5214 quod
3211 5142 3470 5198 cStnihil.
3497 5142 3704 5214 Nempe
3737 5144 4020 5210 patimur:

2429 5219 2519 5286 qui
2560 5217 2694 5295 illud
2714 5215 3024 5295 filii-ianua!-
3051 5213 3276 5295 lips-ult:
3304 5214 3517 5295 scilicet
3543 5213 3703 5295 quod
3732 5214 3984 5295 patimur
4007 5254 4021 5276 ,

2429 5281 2576 5354 quod
2609 5293 2694 5341 est
2714 5281 2881 5354 Deus,
2907 5285 3007 5352 ipsi
3039 5281 3117 5337 dii
3151 5283 3508 5354 deitieatiouc‘
3541 5281 3708 5350 facti)
3737 5283 3881 5348 quod
3919 5302 4020 5335 na-

2432 5352 2624 5410 turalis
2683 5353 2959 5424 facultatis
2999 5354 3346 5424 Imudﬂquam
3390 5352 3632 5424 facinus,
3698 5366 4022 5424 seuiopus,

2433 5429 2630 5478 exsistit
2670 5421 2888 5493 (nempe
2936 5425 3093 5478 beata
3122 5421 3209 5476 illa
3258 5423 3511 5493 passione
3550 5421 3658 5493 hoc
3705 5421 3878 5493 fieri),
3926 5424 4023 5474 sed

2438 5491 2857 5565 singular'issiuii
2883 5493 3055 5547 divini
3081 5494 3345 5565 muneris,
3381 5491 3588 5565 Deique
3617 5491 3694 5542 sic
3723 5491 3832 5565 sibi
3857 5507 4024 5565 crea-

2437 5559 2614 5617 turam
2671 5565 3036 5631 subjicietrtis,
3074 5564 3160 5615 cui
3200 5563 3488 5631 condendo
3523 5576 3679 5631 suam
3735 5559 4025 5631 impressit

2436 5636 2751 5706 imaginem,
2777 5629 3235 5706 iutclligendiquc
3261 5648 3325 5686 ac
3356 5630 3575 5686 arbitrii
3615 5630 3887 5685 facultate
3911 5629 4025 5685 sibi

2434 5705 2561 5760 fecit
2586 5704 2823 5760 afﬁnem.
