4192 6436
186 414 314 481 1213

874 414 1210 475 CAPITUM
1250 411 1670 485 QUINQUIES
1707 409 2226 473 CENTENORUM
2259 413 2649 476 CENTURIA
2683 416 2734 476 Ι.

3288 413 3425 479 12M

243 534 321 584 π’.
386 528 447 582 '0
484 526 731 590 διάϐολος
789 527 886 579 καὶ
925 528 1118 598 ἐχθρός
1160 528 1282 579 ἐστι
1335 525 1430 578 τοῦ
1460 525 1621 591 Θεοῦ,
1657 524 1750 576 καὶ

1925 524 2086 595 530
2130 524 2216 580 80.
2259 526 2542 591 Diabolus,
2578 528 2673 582 Dei
2712 536 2769 584 et
2816 526 2993 582 hostis
3037 534 3093 582 et
3136 526 3284 581 ultor
3326 540 3431 584 est.

179 621 492 691 ἐκδικητήςο
535 619 728 689 ἐχθρὸς
758 618 875 690 μὲν.
912 619 1043 673 ὅταν
1089 618 1167 681 ὡς
1221 618 1395 689 μισῶν
1432 618 1593 671 αὑτὸν
1617 658 1630 681 ,
1665 617 1753 669 δο-

177 715 259 767 κεῖ
286 730 406 776 πως
428 712 529 781 τήν
561 710 803 782 ὀλέθρων
832 710 1134 781 κεκτῆσθαι
1164 710 1301 778 προς
1330 711 1480 779 ἡμᾶς
1506 710 1633 772 τοὺς
1662 710 1755 761 dw-

179 804 427 875 θρώπους
451 803 694 873 ἀγάπην,
721 802 968 865 τοῖςτῶν
1000 801 1263 854 ἑκουσίων
1294 800 1483 854 παθῶν
1512 801 1754 870 τρόποις,

175 896 260 949 διὰ
298 896 398 965 τῆς
453 895 645 963 ἡδονῆς
680 892 881 946 πείθων
926 891 1085 963 ήμῶν
1130 892 1230 962 τὴν
1282 892 1601 962 προαίρεσιν
1648 890 1757 943 τῶν

177 988 416 1043 αίωνίων
467 985 711 1055 ἀγαθῶν,
742 983 1055 1055 προκρίνειν
1094 982 1165 1036 τὰ
1204 983 1551 1054 πρόσκαιρα*
1582 983 1649 1035 δι’
1680 975 1758 1035 ὧν

176 1081 428 1135 κλέπτων
458 1079 588 1149 ὃλην
617 1080 716 1148 τῆς
739 1077 918 1147 ψυχῆς
947 1076 1046 1148 τὴν
1079 1074 1286 1144 ἔφεσιν,
1306 1078 1406 1145 τῆς
1440 1075 1589 1139 θείας
1620 1091 1758 1127 παν-

175 1169 351 1232 τελῶς
392 1168 614 1237 ἀγάπης
664 1169 812 1238 ἡμᾶς
846 1167 1167 1235 ἀφίστησιν,
1205 1166 1486 1228 ἑκουσίους
1531 1167 1759 1237 ἐχθροὺς

176 1262 353 1315 ποιῶν
381 1259 473 1312 τοῦ
514 1260 839 1329 ποιήσαντος
864 1276 876 1289 ·
920 1257 1207 1329 ἐκδικητὴς
1229 1258 1286 1311 δέ
1312 1299 1326 1320 ,
1361 1258 1489 1310 ὅταν
1538 1256 1759 1327 γυμνώ-

178 1370 283 1412 σας
309 1352 371 1404 τὸ
415 1350 550 1421 πρὸς
599 1352 747 1421 ἡμᾶς
780 1352 970 1420 μῖσος,
1004 1348 1078 1411 ὡς
1108 1349 1207 1420 ήδη
1242 1349 1566 1417 γενομένους
1612 1349 1762 1418 αὑτῷ

174 1439 269 1493 διὰ
328 1439 427 1509 τὴν
470 1438 748 1508 ἁμαρτίαν
796 1437 1141 1507 ὑποχειρίους
1165 1476 1179 1502 ,
1208 1438 1484 1509 ὲξαιτῆται
1513 1440 1611 1508 τήν
1638 1438 1759 1491 καθ’

176 1528 342 1599 ἡμῶν
363 1528 654 1599 τιμωρίαν.
684 1529 851 1581 Οὐδὲν
880 1529 989 1596 γάρ
1038 1528 1181 1581 οὑτω
1229 1530 1381 1597 φίλον
1413 1529 1493 1600 τῷ
1531 1528 1762 1600 διαϐόλῳ

178 1619 559 1690 καθέστηκεν,
592 1620 668 1683 ὠς
708 1620 995 1690 ἄνθρωπος
1037 1621 1464 1690 τιμωρούμενος,
1493 1620 1660 1672 Τοῦτο
1706 1620 1762 1673 δὲ

179 1713 586 1784 συγχωρηθεὶς,
622 1712 721 1776 τὰς
751 1712 1083 1782 ἐπαλλήλους
1114 1714 1341 1765 ἐπινοῶν
1367 1713 1472 1765 τῶν
1497 1712 1774 1766 ἀκουσίων

177 1803 377 1857 παθῶν
402 1805 719 1872 ἐπαγωγὰς,
760 1803 1025 1867 λαίλαπος
1055 1803 1211 1874 δίκην
1242 1803 1463 1873 ἀπηνῶς
1502 1805 1760 1875 ἐπιφέρε-

1862 615 2045 670 Hostis
2083 616 2330 686 quidem,
2373 616 2504 671 dum
2543 627 2800 687 tanquam
2842 619 2969 673 odio
3000 619 3055 672 in
3081 633 3209 672 eum
3243 619 3436 673 incita-

1857 716 1965 772 tus,
2012 709 2299 763 exitiosam
2345 724 2475 780 erga
2521 726 2625 765 nos
2666 712 2917 767 homines
2959 712 3163 767 habere
3215 712 3437 771 videtur

1857 798 2231 867 dilectionem,
2264 817 2457 857 eorum
2490 802 2787 857 affectuum
2821 804 2999 857 modis
3026 804 3119 873 qui
3146 820 3211 857 ex
3244 805 3441 858 volun-

1860 900 1969 947 tate
1995 903 2144 958 sunt,
2177 894 2518 964 voluptatum
2573 894 2829 949 illecebra
2860 902 3055 949 auctor
3098 897 3307 951 scilicet
3341 912 3443 952 no-

1861 990 1991 1036 strae
2028 985 2295 1038 voluntati
2322 986 2614 1051 exsistens,
2656 993 2717 1037 ut
2749 984 2969 1038 :ctcrnis
3017 984 3177 1039 bonis
3214 996 3444 1057 antepo-
3488 971 3494 975 ⁷

1861 1082 1955 1127 nat
1992 1083 2383 1144 temporanea:
2425 1078 2627 1146 quibus
2666 1086 2836 1157 totam
2866 1078 3038 1131 animi
3079 1078 3438 1147 cupiditatem

1861 1175 1981 1224 astu
2011 1169 2253 1237 rapiens,
2283 1184 2313 1222 a
2352 1169 2535 1223 divina
2563 1184 2663 1224 nos
2695 1185 2920 1239 prorsus
2958 1171 3247 1235 clzaritate,
3282 1171 3445 1227 Crea-

1861 1260 1995 1315 toris
2019 1268 2214 1328 sponte
2248 1259 2437 1313 hostes
2463 1261 2827 1326 constituens,
2863 1261 3131 1331 abjungit.
3162 1262 3317 1320 Ultor
3346 1280 3446 1318 τιυ-

1863 1360 1997 1415 tem,
2022 1366 2147 1406 cum
2180 1351 2408 1416 nudato,
2436 1366 2547 1421 quo
2583 1367 2685 1406 nos
2711 1355 3087 1422 prosequitur,
3120 1355 3268 1417 odio,
3292 1356 3444 1412 velut

1859 1444 1969 1514 jam
2009 1443 2060 1497 ei
2106 1459 2206 1513 per
2250 1453 2540 1513 peccatum
2583 1443 2759 1499 factos
2804 1444 3097 1510 obnoxios,
3129 1446 3195 1501 ad
3228 1463 3444 1516 paruam

1864 1534 2133 1605 deposcit.
2162 1536 2323 1591 Nulla
2349 1537 2496 1591 enim
2536 1553 2595 1591 re
2632 1552 2789 1606 aeque
2818 1536 3123 1591 delectatur
3167 1538 3443 1603 diabolus,

1866 1640 1929 1680 ac
1966 1626 2207 1682 hominis
2239 1629 2530 1697 supplicio.
2559 1629 2662 1684 Ubi
2699 1638 2882 1684 autem
2913 1630 2966 1684 id
3005 1631 3080 1685 illi
3121 1645 3446 1685 concessum

1866 1722 2054 1784 fuerit,
2088 1720 2195 1773 alia
2235 1718 2357 1772 aliis
2391 1718 2748 1773 succedentia
2784 1720 2948 1782 mala,
2980 1736 3101 1790 quae
3131 1721 3319 1777 invitis
3348 1721 3450 1776 du-

1869 1829 1964 1867 rus
1989 1820 2210 1866 exactor
2252 1810 2479 1881 infligat,
2510 1812 2845 1881 excogitans,
2876 1813 3113 1866 turbinis
3148 1813 3200 1867 in
3238 1830 3447 1868 morem

176 1912 283 1948 ται
315 1898 426 1958 τοῖς
473 1895 594 1948 καθ’
619 1887 694 1949 ὧν
729 1896 1022 1965 ἐκομίσατο
1075 1897 1418 1965 συγχωρήσει
1478 1896 1612 1948 Θεοῦ
1663 1897 1761 1967 τὴν

1875 1905 1978 1960 illis
2023 1904 2338 1957 immaniter
2385 1904 2613 1973 ingruit,
2657 1902 2713 1955 in
2761 1919 2899 1971 quos
2945 1904 3040 1957 Dei
3088 1905 3448 1973 permistione

181 1990 439 2056 ἐξουσίαν
466 2006 481 2021 '
526 1992 587 2044 οὑ
643 1990 704 2042 τὸ
755 1991 1084 2061 πρόσταγμα
1120 1989 1179 2041 τὺ
1214 1990 1354 2042 θεῖον
1410 1989 1762 2059 ἐκπληρῶσαι

183 2083 549 2152 βουλόμενος,
581 2082 715 2135 ἀλλά
756 2081 815 2133 τὸ
855 2082 1053 2135 οίκεῖον
1082 2080 1174 2134 τοῦ
1210 2082 1331 2134 καθ’
1365 2081 1522 2151 ήμῶν
1573 2083 1765 2152 μίσους

176 2174 477 2244 διαθρέψαι
516 2173 687 2237 πάθος
708 2172 990 2243 ἐπιθυμῶν
1014 2190 1026 2203 ·
1060 2174 1147 2226 ἵνα
1175 2173 1251 2243 τῷ
1276 2173 1455 2243 πολλῷ
1482 2173 1636 2244 βάρει
1658 2173 1765 2225 τῶν

177 2265 462 2337 ὀδυνηρῶν
498 2264 815 2336 συμφορῶν,
848 2267 881 2335 ἠ
914 2264 1060 2335 ψυχή
1086 2265 1154 2317 δι’
1188 2265 1406 2318 ἀτονίαν
1448 2265 1761 2327 ὀκλάσασα,

174 2361 287 2430 τῆς
320 2359 470 2423 θείας
497 2359 709 2421 ἐλπίδος
735 2359 934 2427 ἑαυτῆς
969 2358 1238 2430 περικόψῃ
1271 2358 1366 2428 τὴν
1394 2357 1640 2425 δύναμιν,
1673 2357 1764 2408 ἀν-

176 2454 238 2505 τὶ
267 2452 570 2513 νουθεσίας.
603 2453 791 2515 ἀθεῖας
816 2452 998 2504 αἰτίαν
1040 2451 1335 2521 ποιουμένη
1373 2450 1473 2519 τὴν
1503 2449 1609 2502 τῶν
1655 2450 1767 2502 ἀλ·-

180 2545 389 2611 γεινῶς
419 2545 825 2615 συμϐαινόντων
852 2546 1169 2615 ἐπαγωγήν.

269 2726 383 2782 πα⁹.
417 2729 586 2782 Ὀταν
611 2729 660 2780 οἱ
690 2727 788 2797 τὴν
823 2725 1133 2798 πρακτικὴν
1165 2724 1300 2789 ἕξιν,
1324 2724 1416 2776 καὶ
1445 2722 1543 2793 τὴν
1568 2722 1770 2792 θεωρη-

180 2819 354 2891 τικὴν
388 2820 697 2890 ἐπιστήμην
729 2817 1116 2887 ἀπειληφότες,
1146 2815 1281 2885 πρὸς
1311 2815 1408 2886 τήν
1431 2815 1536 2865 τῶν
1558 2813 1770 2883 ἀνθρώ-

182 2930 315 2966 ⁸πων
375 2913 578 2974 ταύτας
631 2912 1001 2982 μετέρχωνται
1043 2908 1364 2978 δόξαν,ήοη
1413 2906 1511 2974 μὲν
1562 2906 1772 2977 ἀρετῶν

181 3005 276 3073 τῷ
308 3003 620 3073 φαινομένῳ
666 3004 850 3073 τρόπῳ
915 2998 1379 3070 σκιαγραφοῦντες
1410 3015 1423 3028 °
1468 2997 1661 3067 λόγους
1716 2998 1772 3051 δέ

188 3098 394 3165 σοφίας
424 3096 519 3149 καὶ
558 3093 813 3163 γνώσεως
840 3094 1001 3163 μόνον
1027 3092 1332 3153 λαλοῦντες,
1356 3089 1605 3163 δίχαιτῶν
1632 3087 1773 3141 κατὰ

182 3188 543 3259 δικαιοσύνην
576 3188 770 3257 ἔργων’
804 3187 897 3240 καὶ
926 3185 1015 3238 τὸν
1041 3185 1115 3246 ὡς
1158 3185 1244 3235 ἐπ’
1266 3185 1433 3252 ἀρετῇ
1460 3183 1552 3234 καὶ
1575 3179 1773 3248 γνώσει

182 3282 312 3341 τοῖς
338 3277 518 3339 ἄλλοις
574 3277 976 3329 ἐπιδείκνυνται
1015 3276 1202 3342 τύφον,
1236 3274 1459 3336 εἰκότως
1503 3273 1774 3344 πρέπουσι

187 3369 584 3440 παραδίδονται
610 3368 813 3432 πόνοις,
848 3368 937 3421 διὰ
997 3367 1091 3418 τοῦ
1149 3367 1379 3435 πάσχειν
1435 3366 1532 3433 τὴν
1576 3365 1776 3432 ἀγνοη-

189 3454 388 3512 θεῖσαν
418 3459 603 3521 αὑτοῖς
636 3460 699 3511 ἐκ
726 3460 825 3527 τῆς
862 3456 1097 3527 ματαίας
1146 3458 1375 3525 οἰήσεως
1422 3471 1777 3525 ταπεινοφρο-

187 3552 372 3623 σύνην
412 3551 936 3623 μεταμανθάνοντες.

277 3735 390 3806 πβ’.
428 3736 702 3797 Ἕκαστος
733 3734 841 3787 τῶν
869 3732 1137 3803 δαιμόνων
1173 3729 1313 3784 κατὰ
1339 3728 1437 3799 τὴν
1462 3726 1779 3788 ἐνδιαθὲτως

188 3828 577 3899 ὑποκειμένην
600 3828 1038 3896 ἐπιτηδειότητα,
1081 3824 1217 3896 πρὸς
1242 3823 1401 3891 τήνδε
1432 3822 1463 3890 ἢ
1488 3820 1642 3890 τήνδε
1674 3819 1783 3871 τῶν

192 3919 527 3989 πειρασμῶν
561 3918 657 3988 τὴν
683 3916 976 3987 ἐπαγωγὴν
1010 3915 1267 3984 τυγχάνει
1316 3909 1663 3981 λειτουργῶν·
1690 3910 1785 3963 ἄλο

186 4014 297 4074 λος
321 4011 428 4082 γὰρ
460 4009 625 4078 ἄλλης
657 4010 770 4061 ἐστὶ
791 4007 1071 4078 ποιητικὸς
1090 4006 1306 4068 κακίας,
1326 4006 1419 4058 καὶ
1437 4004 1593 4067 ἄλλος
1621 4002 1781 4056 ἄλλου

194 4102 398 4171 σαφῶς
433 4103 547 4153 ἐστι
577 4100 946 4171 μιαρώτερος,
977 4098 1075 4151 καὶ
1111 4098 1247 4168 πρὸς
1285 4096 1400 4149 τόδε
1439 4095 1636 4166 μᾶλλον
1683 4095 1783 4164 τῆς

192 4194 409 4256 κακίας
428 4194 489 4247 τὸ
518 4190 655 4256 εἶδος
685 4191 1135 4262 ἐπιτηδειότερος.

281 4283 393 4354 πγ’.
428 4286 590 4338 ’Δνευ
623 4285 719 4355 τῆς
752 4284 901 4347 θείας
949 4282 1371 4352 συγχωρήσεως,
1396 4280 1515 4333 οὑδέ
1540 4279 1693 4333 αὐτοὶ
1737 4280 1786 4332 οἱ

187 4376 466 4445 δαίμονες
496 4374 614 4426 κατ’
640 4374 791 4425 οὐδὲν
813 4374 1105 4442 ὑπουργεῖν
1132 4369 1388 4423 δύνανται
1413 4369 1491 4437 τῷ
1524 4369 1783 4438 διαϐόλῳ.

196 4463 337 4522 Οἵδε
369 4465 477 4536 γάρ
504 4465 664 4527 αὐτὸς
693 4466 720 4516 ὁ
747 4463 880 4526 θεὸς
915 4464 1061 4524 ὅπως
1099 4462 1237 4530 μετὰ
1287 4462 1385 4529 τῆς
1427 4460 1652 4531 δεούσης
1695 4478 1785 4528 φι-

1869 1997 2081 2066 accepit
2115 2003 2441 2066 potestatem
2478 2013 2490 2048 :
2535 2011 2643 2049 non
2684 1995 2827 2065 quod
2865 1996 2960 2050 Dei
2993 1997 3312 2051 mandatum
3345 2000 3450 2052 im-

1850 2091 2019 2165 plere
2048 2089 2201 2150 velit,
2243 2087 2339 2142 sed
2384 2088 2489 2141 hoc
2532 2088 2696 2142 etiam
2749 2098 2912 2157 atque
2960 2088 3125 2142 etiam
3174 2098 3445 2160 satagens,

1872 2190 1933 2234 ut
1983 2181 2065 2235 sui
2119 2181 2173 2234 in
2216 2196 2317 2233 nos
2357 2179 2469 2233 odii
2500 2180 2610 2233 alat
2642 2181 2829 2245 virus;
2864 2196 2973 2249 quo
3008 2197 3206 2249 nempe
3244 2182 3450 2251 ingenti

1871 2288 2243 2327 aerumnarum
2292 2271 2658 2342 dolorumque
2710 2272 2950 2341 pondere
3001 2289 3112 2343 pra:
3169 2274 3452 2330 debilitate

1874 2366 2137 2420 fatiscens
2178 2365 2393 2419 animus
2426 2366 2625 2421 divinae
2669 2364 2767 2420 abs
2803 2381 2861 2420 se
2909 2366 3026 2434 spei
3066 2367 3328 2422 virtutem
3359 2367 3457 2421 ab-

1874 2457 2120 2523 scindat;
2168 2457 2261 2527 qui
2292 2458 2549 2513 videlicet
2593 2458 2967 2526 corruptionis
3012 2457 3137 2511 loco
3180 2474 3245 2513 ac
3285 2455 3453 2513 disci-

1876 2547 2059 2617 plinae,
2096 2564 2218 2617 qua:
2253 2550 2481 2603 molesta
2510 2547 2776 2603 eveniunt
2800 2564 2866 2604 ac
2896 2549 3230 2615 inferuntur,
3265 2548 3458 2604 in.im—

1874 2638 2094 2707 pietatis
2128 2647 2512 2709 argumentum
2547 2650 2744 2695 vertat.

1946 2729 2035 2783 81.
2082 2725 2217 2781 Cum
2266 2728 2326 2790 ii,
2373 2728 2466 2797 qui
2510 2730 2742 2783 actionis
2781 2727 3053 2796 habitum,
3105 2746 3170 2785 ac
3213 2738 3460 2785 contem-

1876 2818 2064 2888 plandi
2092 2819 2379 2875 scientiam
2420 2821 2566 2874 nacti
2598 2833 2748 2885 sunt,
2791 2822 2858 2876 ad
2898 2822 3222 2891 captandam
3258 2838 3323 2877 ex
3361 2822 3461 2877 ho-
3516 2822 3517 2825 “

1879 2909 2125 2964 minibus
2182 2909 2415 2979 gloriam
2477 2909 2592 2964 haec
2644 2910 2861 2977 colunt;
2925 2926 3123 2981 nempe
3191 2913 3459 2967 virtutum

1879 3001 2074 3055 modos
2104 3001 2406 3071 conspicuo
2432 3010 2587 3071 gestu
2628 3010 2793 3071 atque
2817 3002 3009 3057 habitu
3044 3002 3458 3069 adumbrantes,

1879 3093 2268 3163 sapientiaque
2292 3108 2356 3146 ac
2381 3093 2626 3148 scientiae
2643 3094 2913 3149 duntaxat
2945 3110 3228 3149 sermones
3252 3095 3461 3164 absque

1880 3199 2107 3253 operum
2157 3184 2369 3253 justitia
2416 3185 2738 3253 loquentes;
2794 3186 3053 3254 velutque
3107 3186 3332 3241 virtutis
3397 3200 3463 3239 ac

1877 3274 2121 3328 scientia:
2158 3277 2402 3337 nomine,
2430 3291 2539 3345 quo
2569 3283 2781 3330 tument
2817 3275 2982 3339 fastu,
3028 3276 3150 3330 aliis
3180 3268 3464 3331 ostentan-

1879 3374 1993 3432 tes;
2051 3368 2501 3421 convenientibus
2544 3368 2743 3422 merito
2784 3368 3071 3422 laboribus
3123 3370 3460 3423 traduntur:

1879 3463 1940 3507 ut
1981 3469 2080 3523 per
2113 3462 2385 3508 tormenta
2424 3470 2487 3508 ac
2516 3456 2678 3518 mala,
2718 3471 2881 3524 quam
2910 3472 2976 3509 ex
3017 3455 3166 3510 inani
3197 3454 3463 3525 iactantia

1879 3545 2153 3613 stultaque
2185 3545 2269 3598 sui
2311 3544 2569 3613 opinione
2613 3546 2981 3611 nesciverunt,
3030 3562 3227 3600 sensus
3270 3544 3463 3599 mode;

1880 3636 2038 3689 stiam
2069 3636 2145 3706 (id
2170 3644 2276 3700 est,
2306 3636 2696 3704 humilitatem)
2732 3638 2816 3689 vel
2842 3652 2966 3691 sero
3005 3636 3311 3691 addiscant.

1954 3728 2040 3781 82.
2084 3726 2678 3796 Quisque-dminonum
2718 3745 2816 3798 pro
2862 3730 3108 3798 subjecta
3152 3728 3257 3783 sibi
3300 3735 3465 3797 atque

1884 3818 2056 3872 indita
2087 3819 2405 3881 idoneitate,
2434 3821 2499 3873 ad
2531 3821 2671 3873 hanc
2706 3821 2923 3876 illamve
2964 3820 3303 3875 inferendam
3346 3828 3465 3892 ten-

1886 3911 2151 3965 tationem
2191 3913 2488 3965 ministrat.
2527 3913 2684 3967 Alius
2724 3913 2871 3966 enim
2915 3912 3064 3966 aliud
3106 3912 3349 3966 incendit
3381 3913 3464 3965 vi-

1887 4000 2046 4066 tium,
2084 4002 2332 4071 aliusquc
2368 4002 2476 4054 alio
2509 4002 2685 4070 palam
2710 4003 3031 4056 sceleratior
3063 4013 3167 4067 cst,
3207 4011 3371 4072 atque
3395 4001 3463 4056 ad

1887 4093 1991 4148 hoc
2016 4093 2220 4147 illudve
2244 4094 2365 4147 vitii
2400 4110 2572 4163 genus
2612 4094 2785 4165 magis
2819 4095 3070 4149 idoneus.

1958 4278 2047 4332 85.
2088 4279 2166 4332 Ne
2212 4278 2313 4348 ipsi
2353 4278 2575 4347 quidem
2622 4278 2918 4342 daemones,
2960 4276 3120 4332 aliter
3157 4292 3319 4345 quam
3366 4275 3464 4331 Dei

1889 4371 2273 4441 permissione,
2298 4371 2409 4423 ullo
2437 4369 2599 4422 modo
2618 4370 2838 4422 diabolo
2869 4369 3181 4422 ministrare
3208 4376 3463 4437 possunt.

1888 4461 2053 4515 Novit
2085 4462 2231 4514 enim
2265 4461 2407 4513 Deus
2434 4476 2539 4527 qua
2575 4460 2809 4524 ratione,
2845 4475 2951 4527 qua
2979 4475 3077 4527 par
3104 4468 3189 4513 cst
3226 4460 3467 4512 clemen-

191 4556 534 4628 λανθρώπου
565 4555 657 4635 καὶ
688 4555 898 4623 ἀγαθῆς
938 4553 1192 4623 προνοίας
1235 4554 1508 4622 συγχωρεῖ
1548 4550 1622 4621 τῷ
1673 4551 1772 4603 δια·

1893 4553 1966 4605 tia
1998 4550 2501 4621 benignissimaque
2533 4550 2882 4620 providentia
2915 4547 3135 4603 diabolo
3164 4550 3464 4618 permittat,

194 4651 358 4720 ϐόλῳ
389 4648 476 4703 διά
501 4648 609 4700 τῶν
632 4646 795 4699 αὑτοῦ
820 4644 1110 4715 ὑπουργῶν
1132 4686 1147 4707 ,
1182 4643 1280 4706 τὰς
1313 4643 1397 4711 ἐφ’
1428 4638 1508 4705 οἷς
1548 4643 1790 4712 ήμάρτο-

199 4758 338 4813 μεν,
369 4738 657 4808 διαφόρους
690 4737 961 4789 ποιεῖσθαι
990 4734 1262 4806 τιμωρίας
1291 4751 1302 4765 ’
1342 4733 1434 4785 καὶ
1455 4733 1606 4802 δηλοί
1630 4732 1788 4785 τοῦτο

204 4834 431 4902 σαφῶς,
463 4833 497 4901 ἡ
528 4829 775 4902 περὶτοῦ
805 4827 925 4880 Ἰὼϐ
974 4827 1264 4897 συγγραφὴ
1296 4827 1368 4895 μὴ
1396 4825 1689 4894 δυνάμενον
1712 4824 1791 4893 τῷ

214 4923 350 4977 Ἰὼΰ
380 4921 662 4983 παντελῶς
692 4917 1065 4989 προσπελάσαι
1090 4917 1180 4969 τὸν
1207 4916 1449 4970 διάϐολον
1476 4917 1791 4985 ἀναγραφο-

199 5017 382 5089 μὲνη,
414 5015 537 5085 δίχα
556 5012 649 5066 τοῦ
675 5012 817 5065 θείου
854 5010 1219 5081 βουλήματος.

290 5186 396 5242 τίδ’.
439 5187 834 5249 Ἐνυπόστατος
891 5185 1077 5249 πίστις
1136 5185 1365 5254 ἐστὶν,ὴ
1420 5182 1650 5254 ἐνεργὴς
1703 5182 1799 5235 καὶ

200 5282 561 5353 εμπρακτος,
587 5280 709 5334 καθ’
749 5282 814 5352 ἢν
843 5282 871 5333 ό
900 5279 994 5333 τοῦ
1027 5278 1161 5332 Θεοῦ
1185 5278 1340 5346 λόγος
1388 5280 1446 5329 ἐν
1489 5279 1603 5338 τοῖς
1661 5292 1801 5345 πρα-

202 5375 432 5436 κτικοῖς
468 5374 544 5443 (ιι)
584 5372 879 5434 δείκνυται,
906 5373 1029 5434 ταῖς
1061 5370 1304 5433 ἐντολαῖς
1353 5367 1795 5438 σωματούμενος,

297 5514 341 5546 ³¹
366 5514 467 5570 Job
496 5531 533 5580 ι,
564 5514 645 5569 12.

297 5628 317 5647 ⁶
344 5626 428 5682 Cf.
462 5643 556 5697 qu.
587 5627 677 5680 26.
716 5625 784 5679 ad
811 5625 1058 5681 Thalass.

299 5744 379 5814 (τι)
420 5743 663 5815 Ἐν-τοῖς
675 5739 1308 5815 πρακτικοῖςηοίεζξιιοιί
1330 5732 1532 5815 ubique
1561 5752 1791 5815 πρακτιτ

211 5808 317 5868 κοΐ
342 5808 533 5869 contra
557 5808 941 5885 θεωρητικοὺς,
963 5812 1058 5881 qui
1091 5811 1301 5866 scilicet
1326 5808 1550 5864 student
1577 5808 1803 5871 actioni,

1891 4650 1950 4694 ut
2006 4657 2104 4709 per
2152 4656 2283 4693 suos
2344 4641 2646 4702 ministros,
2710 4655 2901 4694 eorum
2958 4655 3078 4707 qua:
3120 4639 3469 4707 peccavimus

1890 4735 2069 4803 exigat
2112 4748 2321 4801 poenas.
2363 4732 2440 4786 Ac
2492 4732 2777 4801 perspicue
2831 4730 2986 4800 531
3032 4729 3295 4792 declarat,
3349 4744 3471 4797 qure

1893 4826 2211 4894 conscripta
2267 4835 2443 4879 exstat
2510 4824 2632 4878 Jobi
2706 4824 2965 4886 historia;
3023 4838 3129 4891 qua
3193 4821 3470 4876 memoriae
3522 4812 3526 4816 ’

1893 4914 2177 4984 proditum
2238 4922 2344 4975 est,
2403 4929 2511 4966 non
2577 4913 2821 4981 potuisse
2873 4912 3155 4966 diabolum
3220 4911 3468 4975 omnino,

1894 5014 2255 5073 prarterquam
2319 5001 2414 5055 Dei
2474 5009 2633 5064 nutu,
2682 4999 2881 5055 Jobum
2937 4998 3178 5069 aggredi,
3237 5006 3334 5051 aut
3388 4996 3468 5051 illi

1890 5095 2263 5165 prepinquarc
2300 5093 2370 5145 ⁸¹.

1962 5188 2052 5241 8i.
2100 5186 2263 5241 Fides
2304 5186 2419 5254 ipsa
2457 5200 2587 5239 vere
2626 5183 2917 5248 exsistens,
2953 5180 3146 5236 efﬁcax
3180 5187 3265 5234 est
3289 5187 3345 5235 et
3376 5194 3469 5234 ac-

1892 5286 2081 5343 tuosa;
2112 5292 2219 5345 qua
2251 5275 2345 5329 Dei
2372 5289 2572 5335 sermo,
2608 5272 2662 5324 in
2698 5270 2785 5324 his
2815 5269 2908 5339 qui
2952 5270 3226 5323 actionem
3259 5265 3466 5328 colunt,

1895 5368 2166 5423 mandatis
2198 5373 2525 5435 corporatus
2560 5362 2793 5432 patescit
2825 5376 2838 5412 :
2884 5375 2983 5430 per
3028 5373 3151 5428 quas
3189 5365 3251 5410 ut
3288 5366 3471 5411 sermo

1899 5743 1953 5788 et
1976 5732 2069 5803 qui
2100 5726 2574 5803 contemplationi.
2625 5726 2774 5803 lflihil
2808 5722 3172 5803 beneficus;
3218 5720 3355 5803 Dum
3389 5732 3476 5772 res

1912 5790 2187 5874 gcr'zmtur,
2222 5790 2427 5873 pateﬁt.
2457 5797 2593 5865 imo,
2625 5796 2690 5851 In
2722 5795 2847 5867 ipsis
2874 5794 2963 5863 qui
2994 5790 3170 5846 colunt
3194 5793 3475 5857 actionem,
