4192 6436
729 368 870 434 1215

1887 375 1948 435 S.
1989 371 2278 437 MAXIMI
2315 373 2827 444 CONFESSORIS

3853 384 3988 454 1316

726 488 790 528 ac
820 477 1087 546 Verbum,
1118 478 1342 536 eosdem
1373 481 1608 538 actionis
1661 484 1904 544 cultores
1953 489 2022 545 ad
2071 491 2312 556 Patrem,

2416 495 2485 549 δι’
2522 490 2599 550 ῶν
2624 497 2703 560 ὡς
2734 499 2908 567 Λόγος
2934 497 3072 570 πρὸς
3115 499 3210 553 τὸν
3247 499 3308 554 ἐν
3347 492 3394 569 ᾧ
3449 500 3594 555 κατά
3619 501 3786 572 φύσιν
3815 506 3949 560 ἐστὶ·
3969 546 3986 571 ,

723 570 782 626 ln
811 583 925 638 quo
957 585 1056 641 per
1087 579 1338 625 naturam
1357 580 1463 638 est,
1493 588 1716 630 sursum
1743 577 1988 635 adducit.

799 659 890 716 85.
925 659 1060 714 Vita
1087 663 1508 718 conversionem
1544 667 1866 739 cultumque
1889 672 2218 742 angelicum,
2245 689 2310 731 ac

727 760 1094 821 spontaneum
1145 755 1317 808 animi
1360 771 1486 811 cum
1520 773 1751 829 corpore
1789 761 2114 825 divortium.
2161 766 2308 834 divi-

732 855 922 909 naque
958 841 1014 895 in
1073 843 1269 912 spiritu
1319 844 1735 903 instaurationis
1785 859 1990 914 ortum,
2029 852 2166 907 Novi
2207 855 2312 910 Te-

729 933 991 987 stamenti
1047 935 1340 1003 proﬁtetur
1395 941 1734 1010 mysterium.
1780 941 2088 1012 Spiritalem
2143 962 2310 1015 porro

731 1018 1212 1075 circumeisionem
1240 1039 1438 1077 vocare
1465 1026 1638 1080 moris
1659 1028 1961 1084 estdivinm
1987 1031 2307 1102 Scriptum,

731 1110 880 1177 quod
929 1111 1224 1168 libidinosa
1272 1115 1440 1170 animi
1489 1118 1558 1172 ad
1609 1133 1813 1190 corpus
1863 1121 2080 1178 aﬂectio
2116 1139 2310 1195 ampu-

731 1208 902 1256 tatur.

803 1293 891 1349 86.
923 1295 1074 1350 Deus
1105 1311 1230 1352 cum
1271 1298 1452 1356 bonus
1488 1317 1553 1358 ac
1587 1303 1860 1375 benignus
1885 1305 1976 1371 sit,
2008 1308 2248 1378 malique
2279 1325 2311 1364 a

732 1382 898 1438 nobis
952 1395 1120 1455 atque
1164 1388 1284 1442 vitii
1329 1405 1517 1444 semen
1560 1409 1789 1461 prorsus
1833 1396 2140 1466 exstirpare
2177 1398 2311 1453 velit

735 1474 1093 1546 (voluptatem
1142 1480 1352 1534 scilicet
1399 1498 1464 1536 ac
1510 1483 1818 1550 libidinem,
1870 1503 1992 1557 qua:
2043 1504 2075 1542 a
2125 1489 2309 1545 divina

732 1565 1004 1621 charitate
1039 1569 1285 1624 animum
1336 1573 1643 1641 subduxit),
1688 1576 1931 1642 diabolo,
1989 1587 2050 1633 ul
2093 1581 2310 1636 labores

733 1656 899 1711 nobis
923 1668 980 1712 et
1011 1661 1277 1730 supplicia
1315 1663 1535 1728 inferat,
1559 1669 1862 1736 permittit;
1904 1687 2015 1741 quo
2047 1672 2310 1728 nimirum

734 1750 988 1814 simuLac
1017 1754 1207 1817 semel,
1248 1764 1363 1810 tum
1405 1758 1524 1828 ejus
1556 1775 1679 1827 quae
1708 1764 2020 1828 antecessit,
2058 1767 2310 1837 volupta-

736 1837 809 1892 tis
846 1839 1000 1895 virus
1041 1858 1141 1911 per
1196 1844 1415 1904 labores
1460 1847 1647 1902 animo
1681 1849 1979 1921 abstergat,
2021 1863 2135 1906 tum
2181 1831 2311 1910 vero
2345 1831 2384 1886 Β

735 1929 1030 1986 adversum
1061 1933 1225 2004 hujus
1249 1936 1349 1990 aevi
1389 1953 1499 2002 res,
1533 1954 1597 1993 ac
1638 1955 1760 2008 qua:
1796 1943 1901 1995 soli
1935 1945 2124 1997 sensui
2157 1945 2313 1999 blan-

734 2021 982 2088 diantur,
1035 2025 1224 2080 odium
1281 2027 1444 2082 nobis
1500 2031 1908 2101 perfectamque
1965 2033 2314 2091 abhorrentis

736 2111 909 2166 animi
959 2111 1386 2182 displicentiam,
1450 2116 1690 2186 ingerat;
1745 2129 1806 2174 ut
1859 2136 2094 2190 quarum
2156 2139 2310 2187 usus,

735 2211 934 2271 preter
975 2218 1216 2273 poznam,
1265 2208 1488 2278 majoris
1530 2209 1666 2263 nihil
1715 2213 1988 2267 commodi
2048 2213 2246 2270 habeat
2295 2233 2310 2270 :

737 2291 906 2361 idque
950 2293 1172 2348 demum
1207 2311 1397 2366 agens,
1429 2308 1488 2351 ut
1518 2298 1667 2352 illius
1697 2299 1886 2366 ultrix,
1920 2301 2313 2374 hominumque

737 2381 1066 2450 propensior
1111 2383 1241 2438 odio
1297 2387 1564 2454 potentia,
1615 2388 1754 2458 ipsa,
1805 2391 1946 2445 mala
1993 2392 2310 2465 inﬂigendo,

735 2472 805 2526 ad
838 2473 1118 2538 virtutem,
1153 2490 1252 2530 eos
1287 2477 1380 2547 qui
1422 2487 1618 2548 sponte
1667 2481 1738 2536 ab
1781 2497 1846 2537 ea
1892 2485 2133 2556 prolapsi
2179 2487 2309 2552 sint,

735 2572 897 2633 cogat
921 2575 979 2619 et
1015 2566 1262 2620 reducat.

808 2654 898 2710 87.
936 2657 1145 2713 Deccns
1183 2660 1342 2728 plane
1372 2676 1705 2734 aequumque
1747 2674 1854 2730 est,
1895 2675 1956 2721 ut
1991 2668 2084 2738 qui
2119 2685 2314 2739 pravas

737 2744 942 2800 diaboli
971 2750 1370 2818 suggestiones,
1413 2762 1474 2808 ut
1503 2764 1701 2824 sponte
1739 2768 2050 2825 peccarent,
2080 2761 2315 2817 libentes

736 2837 924 2891 animo
952 2850 1340 2908 susceperunt,
1381 2843 1450 2898 ab
1480 2860 1550 2901 eo
1588 2849 1908 2916 puniantur.
1952 2851 2168 2906 Etenim
2199 2855 2316 2908 dia-

737 2927 902 2983 bolus
940 2938 1055 2983 tum
1103 2947 1203 3000 per
1249 2936 1596 2993 voluntarios
1647 2939 1877 2997 all‘cctus
1918 2959 1984 2998 ac
2030 2946 2315 3012 passiones

735 3021 1037 3091 voluptatis
1063 3031 1213 3079 sator
1255 3035 1362 3092 est,
1402 3035 1518 3082 tum
1558 3030 1769 3088 doloris
1797 3048 1862 3088 ac
1909 3036 2188 3092 cruciatus
2212 3054 2314 3108 per

735 3111 1142 3172 involuntarios
1175 3117 1419 3174 inﬂictor
1450 3132 1507 3176 et
1531 3133 1706 3178 actor.

808 3206 899 3262 88.
938 3208 1090 3267 Mens
1127 3215 1581 3283 contemplationi
1622 3217 1807 3273 dedita
1859 3229 2024 3291 atque
2069 3224 2312 3294 sapiens,

737 3299 948 3357 idcirco
989 3302 1134 3358 haud
1178 3321 1307 3360 raro
1341 3307 1633 3376 plectenda
1672 3309 1894 3366 diabolo
1932 3315 2188 3380 traditur,
2219 3319 2316 3388 qui

731 3386 881 3456 juste
928 3390 980 3444 ei
1026 3390 1247 3446 labores
1277 3407 1666 3465 aarumnasque
1710 3413 1809 3452 seu
1845 3400 2030 3456 clades
2069 3386 2315 3471 inducat,

737 3487 801 3530 ut
831 3477 1007 3533 discat
1040 3482 1213 3553 magis
1245 3498 1345 3552 per
1382 3485 1547 3549 mala,
1591 3503 1713 3556 qua:
1753 3491 1986 3558 patitur,
2037 3495 2316 3564 patienter

735 3567 966 3624 ferendo
1007 3587 1072 3626 ac
1118 3574 1446 3630 sustinendo
1487 3577 1887 3649 philosophari,
1924 3599 2089 3653 quam
2135 3596 2196 3641 ut
2227 3604 2320 3643 su-

737 3659 972 3729 perﬂue,
1029 3662 1123 3730 iis,
1169 3681 1293 3736 quae
1329 3681 1441 3722 non
1479 3678 1632 3735 sunt,
1672 3673 2065 3743 superbiendo,
2113 3695 2316 3736 evane-

734 3758 874 3804 δραι.

807 3841 895 3897 89.
949 3835 1071 3910 Qui'
1107 3846 1178 3901 ob
1230 3847 1414 3904 laesam
1464 3849 1563 3905 Dei
1607 3853 1838 3922 gratiam
1901 3858 2153 3927 patitur,
2185 3861 2315 3918 dum

735 3933 982 3989 sanantis
1007 3950 1136 3990 eum
1167 3936 1369 3994 divinae
1391 3941 1758 4009 providentiae
1782 3947 2054 4004 rationem
2079 3965 2309 4022 agnove-

736 4023 833 4087 rit,
859 4033 974 4078 tum
1005 4025 1152 4080 illata
1181 4028 1322 4082 mala
1355 4030 1560 4099 gratias
1589 4034 1802 4104 agendo
1826 4039 2028 4107 gaudio
2059 4043 2312 4111 suscipit,

737 4123 855 4203 tum
882 4117 1042 4188 cujus
1067 4117 1228 4188 532
1263 4121 1440 4190 gratia
1468 4124 1722 4191 punitur,
1755 4126 2022 4184 delictum
2061 4132 2310 4203 corrigit.

733 4202 840 4268 Qui
873 4220 1005 4260 vero
1034 4207 1156 4276 ejus
1188 4207 1477 4264 medicina:
1508 4225 1731 4268 sensum
1767 4230 1877 4270 non
1909 4218 2162 4288 percipit,
2196 4202 2313 4276 tum

735 4309 767 4348 a
799 4308 1060 4352 concessa
1089 4299 1267 4368 gratia
1295 4300 1443 4371 juste
1473 4313 1813 4372 removetur,
1855 4315 1974 4362 tum
2013 4309 2311 4369 libidinum

732 4400 802 4440 ac
837 4386 1102 4442 vitiorum
1145 4389 1464 4447 confusioni
1501 4394 1764 4463 traditur,
1812 4398 1869 4452 in
1913 4399 2020 4454 hoc
2060 4401 2314 4458 desertus

2407 587 2600 654 ἀνάγει
2629 588 2850 659 Πατέρα
2873 591 3002 654 τοὺς
3030 591 3388 660 πράττοντας.

2481 685 2586 732 πεθ.
2613 680 2770 751 Ζωῆς
2795 681 3086 752 μετάθεσιν
3121 685 3217 738 καὶ
3252 683 3509 756 λατρείαν
3535 685 3857 756 ἀγγελικὴν,
3889 688 3987 740 καὶ

2413 770 2552 840 πρὸς
2578 771 2739 841 σῶμα
2762 773 2940 844 ψυχῆς
2970 775 3218 828 ἐκούσιον
3247 776 3624 846 ἀλλοτρίωσιν.
3656 779 3752 830 καί
3796 777 3898 847 τῆς
3927 781 3987 830 ἐν

2410 861 2680 932 πνεύματι
2709 864 2860 928 θείας
2891 869 3304 938 μεταποιήσεως
3349 869 3583 936 γένεσιν,
3611 871 3673 924 τδ
3713 871 3814 940 τῆς
3839 873 3988 936 Νέας

2416 955 2698 1026 Διαθήκης
2736 960 3093 1028 καταγγέλλει
3145 962 3464 1033 μυστήριον.
3513 964 3898 1033 Πνευματικὴν
3931 965 3989 1016 δὲ

2411 1047 2716 1118 περιτομὴν
2768 1051 2798 1104 ὁ
2845 1051 3004 1121 λόγος
3051 1047 3161 1106 οἶδε
3217 1053 3422 1118 καλεῖν,
3487 1053 3585 1124 τὴν
3643 1056 3743 1123 τῆς
3807 1060 3988 1124 ἐμπα-

2411 1135 2537 1201 θοῦς
2565 1139 2806 1208 σχέσεως
2841 1141 2983 1214 πρὸς
3019 1142 3182 1213 σῶμα
3216 1145 3316 1216 τῆς
3347 1144 3523 1216 ψυχῆς
3546 1147 3807 1216 ἐκτομήν.

2482 1306 2597 1372 πς⁹.
2646 1308 2877 1376 ’Λγαθὺς
2910 1310 3172 1380 ὑπάρχων
3197 1311 3227 1363 ὁ
3265 1310 3432 1375 Θεὸς,
3467 1311 3563 1364 καὶ
3604 1312 3775 1364 Θέλων
3829 1310 3991 1382 ἡμῶν

2412 1398 2622 1452 ἐκτῖλαι
2650 1400 2936 1465 παντελῶς
2968 1401 3030 1454 τὺ
3069 1405 3170 1472 τῆς
3215 1403 3414 1466 κακίας
3453 1405 3674 1475 σπέρμα
3735 1405 3836 1474 τὴν
3867 1404 3989 1472 ἠδο-

2412 1491 2530 1559 νὴν,
2566 1490 2664 1562 τὴν
2693 1491 2785 1544 τὸν
2807 1492 2933 1545 νοῦν
2960 1493 3062 1563 τῆς
3093 1493 3244 1558 Θείας
3273 1496 3693 1565 ἀποσυλήσασαν
3725 1497 3953 1565 ἀγάπης
3971 1537 3989 1558 .

2413 1583 2688 1653 συγχωρεῖ
2710 1581 2789 1654 τῷ
2819 1583 3052 1654 διαϐόλῳ
3077 1586 3271 1649 πόνους
3303 1589 3436 1657 ἡμῖν
3463 1589 3557 1642 καὶ
3589 1589 3860 1658 τιμωρίας
3900 1591 3993 1640 ἐπ-

2411 1672 2660 1739 αγαγεῖν·
2708 1671 2850 1725 κατὰ
2885 1672 3079 1727 ταύτὸν
3117 1675 3213 1728 καὶ
3244 1675 3342 1745 τῆς
3382 1676 3760 1747 προλαϐούσης
3797 1678 3992 1748 ἡδονῆς

2409 1759 2502 1828 τρν
2561 1761 2660 1824 ίὺν,
2698 1761 2789 1815 διὰ
2832 1761 2944 1816 τῶν
3006 1763 3184 1816 πόνων
3234 1765 3334 1835 τῆς
3364 1764 3544 1836 ψυχῆς
3583 1766 3832 1833 ἀποξέων
3853 1807 3870 1828 ,
3896 1768 3992 1819 καὶ

2413 1852 2548 1923 πρὸς
2578 1852 2647 1906 τά
2675 1854 2919 1922 παρόντα
2948 1855 3042 1908 καὶ
3073 1856 3244 1925 μόνην
3272 1856 3372 1927 τὴν
3421 1857 3672 1928 αἴσθησιν
3714 1857 3990 1920 σαίνοντα,

2415 1947 2570 2015 μῖσος
2594 1946 2727 2015 ἡμῖν
2750 1947 2844 2000 καὶ
2873 1946 3086 2000 τελείαν
3111 1947 3481 2011 άποδιάθεσιν,
3514 1949 3591 2012 ὡς
3622 1951 3790 2021 μηδὲν
3820 1969 3990 2020 τιμω-

2416 2035 2538 2106 ρίας
2565 2035 2728 2089 πλέον
2749 2036 2829 2099 είς
2860 2035 3052 2106 κέρδος
3090 2039 3405 2109 κεκτημένα
3449 2040 3592 2094 κατά
3629 2041 3729 2111 τὴν
3767 2045 3992 2113 χρῆσιν,

2412 2128 2710 2198 ἐμποιῆσαι
2735 2127 3080 2200 βουλόμενος,
3104 2131 3200 2184 καὶ
3240 2130 3337 2202 τὴν
3369 2132 3579 2184 ἐκείνου
3618 2134 3867 2204 τιμωρδν
3896 2134 3991 2186 δύ-

2412 2237 2578 2291 ναμιν
2610 2220 2705 2273 καὶ
2741 2221 3149 2293 μισάνθρωπον,
3172 2223 3272 2293 τῆς
3303 2223 3441 2292 πρὸς
3471 2223 3672 2295 ἀρετὴν
3698 2227 3993 2292 ἐπαναγωο

2411 2311 2517 2380 γῆς
2586 2311 2978 2382 περιστατικὴν
3037 2315 3218 2367 αἰτίαν
3282 2313 3614 2386 ποιήσασθαι
3661 2315 3772 2368 τῶν
3818 2316 3996 2387 αὐτῆς

2412 2401 2676 2474 ἑκουσίως
2709 2402 3210 2474 ἀπολισθησάντων.

2482 2681 2590 2746 πρ.
2623 2682 2842 2753 Πρέπον
2863 2683 2981 2737 ἐστὶ
3007 2684 3101 2738 καὶ
3135 2684 3342 2740 δίκαιον
3367 2685 3473 2740 ὑπὸ
3495 2685 3590 2742 τοῦ
3617 2687 3870 2742 διαϐόλου
3900 2705 3999 2741 κο-

2411 2772 2688 2838 λάζεσθαι,
2719 2775 2844 2838 τοὺς
2905 2775 3003 2840 τάς
3051 2776 3218 2830 αὑτοῦ
3266 2777 3511 2847 πονηράς
3560 2777 3843 2849 ὑποθήκας
3880 2779 3998 2832 τῶν

2413 2865 2676 2918 ἑκουσίων
2713 2867 3134 2938 ἁμαρτημάτων
3157 2868 3328 2938 ἡδέως
3355 2868 3701 2939 δεξαμένους.
3735 2871 3847 2924 Καὶ
3881 2872 4000 2941 γὰρ

2413 2955 2507 3007 καὶ
2538 2956 2729 3027 ἡδονῆς
2762 2957 2878 3010 ἐστι
2902 2957 2992 3010 διά
3032 2957 3142 3012 τῶν
3172 2959 3437 3013 ἑκουσίων
3465 2960 3658 3016 παθῶν
3689 2962 3929 3032 σπορεὺς
3964 2963 4001 3015 ό

2412 3041 2657 3106 διάϐολος
2683 3084 2698 3110 ,
2749 3044 2843 3097 καὶ
2901 3044 3092 3117 ὀδύνης
3156 3047 3248 3102 διὰ
3297 3048 3406 3104 τῶν
3451 3050 3719 3105 ἀκουσίων
3767 3053 3998 3121 ἐπαγω-

2339 3163 2382 3221 C
2415 3133 2566 3202 γεύς.

2489 3227 2603 3290 πη’.
2644 3221 2702 3274 ⁸0
2735 3221 3069 3293 θεωρητικδς
3107 3224 3231 3287 νοῦς
3267 3226 3358 3278 καὶ
3389 3227 3711 3294 γνωστικὺς,
3741 3227 3884 3298 πρὸς
3910 3246 4002 3282 τι·

2421 3309 2636 3379 μωρίαν
2687 3310 2952 3364 ἐκδίδοται
2990 3312 3081 3365 διὰ
3123 3313 3282 3367 τοῦτο
3317 3315 3578 3378 πολλάκις
3617 3315 3699 3385 τῷ
3723 3315 3998 3387 διαϐόλῳ,

2419 3402 2618 3463 πόνους
2662 3401 2811 3470 αὐτῷ
2866 3401 3091 3465 δικαίως
3123 3405 3380 3471 ἐπάγοντι
3422 3407 3515 3458 καὶ
3568 3409 3879 3476 συμφοράς,
3910 3409 4002 3462 ἵνα

2421 3491 2567 3562 μάθῃ
2619 3492 2845 3563 πάσχων
2900 3493 3030 3562 περὶ
3083 3495 3377 3565 καρτερίας
3427 3496 3627 3566 μᾶλλον
3671 3499 3767 3550 καὶ
3814 3500 4003 3553 πόνων

2417 3583 2698 3654 ὑπομονῆς
2756 3583 3150 3655 φιλοσοφεῖν,ἢ
3205 3585 3458 3658 διακενῆς
3517 3589 3629 3652 τοῖς
3691 3589 3798 3643 ούκ
3840 3586 4002 3644 οὖσιν

2418 3675 2782 3746 ὑπερηφάνως
2811 3676 3230 3746 ἐμματαιάζειν.

2488 3841 2597 3896 πθ’.
2644 3841 2705 3895 '0
2748 3843 2976 3913 πάσχων
3019 3843 3163 3915 ὑπὲρ
3213 3845 3433 3916 χάριτος
3463 3843 3612 3918 [fort
3648 3847 3794 3919 ὺπέρ
3841 3848 4000 3912 θείας

2417 3933 2655 4006 ἐντολῆς]
2683 3935 2818 3989 Θεοῦ
2848 3935 3279 4007 παραϐαθείσης,
3314 3937 3409 3990 ἐάν
3454 3937 3663 4009 ἐπιγνῷ
3688 3939 3789 4008 τῆς
3824 3941 3998 4010 ίωμέο

2414 4045 2513 4097 νης
2539 4025 2702 4080 αὐτὸν
2724 4025 2873 4090 θείας
2898 4026 3155 4097 προνοίας
3181 4026 3271 4080 τὸν
3299 4025 3455 4096 λόγον
3481 4028 3584 4098 τήν
3609 4045 3669 4081 τε
3701 4029 4000 4100 συμφοράν

2416 4118 2755 4189 εὐχαρίστως
2813 4117 3027 4188 δέχεται
3079 4117 3307 4188 χαίρων,
3344 4119 3442 4172 καὶ
3467 4118 3568 4190 τὴν
3595 4119 3737 4190 ύπέρ
3761 4115 3833 4193 ἧς
3867 4139 3999 4176 παι-

2413 4210 2626 4264 δεύεται
2667 4208 2975 4279 διορθοῦται
3010 4209 3387 4280 πλημμέλειαν
3410 4225 3426 4240 ⁶
3469 4210 3499 4262 δ
3523 4211 3581 4264 δὲ
3610 4211 3820 4282 ταύτης
3843 4212 3999 4265 άναι-

2415 4302 2626 4371 σθητῶν
2657 4301 2756 4371 τῆς
2787 4298 3052 4371 ίατρείας,
3080 4301 3180 4372 τῆς
3213 4319 3274 4354 τε
3317 4301 3566 4368 δοθείσης
3609 4301 3838 4366 ἐνδίκως
3887 4304 3997 4357 άπ-

2414 4392 2605 4460 άγεται
2620 4389 2842 4460 χάριτος
2867 4391 2960 4442 καὶ
2980 4391 3047 4460 τῇ
3076 4389 3341 4460 συγχύσει
3365 4391 3475 4446 τῶν
3494 4391 3683 4446 παθῶν
3704 4393 4001 4461 παραδίδο-

736 4485 800 4532 ut
844 4478 966 4548 ipso
1015 4489 1196 4550 patret
1233 4497 1424 4554 opere,
1466 4500 1702 4556 quorum
1747 4489 1932 4545 animo
1977 4491 2310 4548 desiderium

2414 4502 2526 4549 ται,
2561 4482 2699 4554 πρὸς
2745 4484 2847 4555 τὴν
2887 4480 3087 4553 πρᾶξιν
3109 4482 3286 4538 ἐλθεῖν
3309 4483 3888 4556 καταλιμπανόμενος,
3921 4479 3997 4542 ῶν

735 4566 994 4624 habebat.

803 4660 892 4716 90.
926 4661 1211 4734 Quisquis,
1259 4680 1454 4722 eorum
1495 4684 1618 4738 quae
1659 4669 1738 4724 illi
1778 4671 1978 4727 delicta
2026 4679 2314 4733 commissa

733 4758 884 4815 sunt,
916 4767 1082 4808 sensu
1120 4755 1414 4822 adductus,
1446 4767 1663 4829 sponte,
1691 4776 1799 4830 qua
1827 4761 1988 4817 decet
2011 4766 2313 4835 gratiarum

732 4843 973 4909 actione,
1013 4848 1274 4902 arumnis
1327 4865 1522 4919 graves
1573 4851 1907 4908 tentationes
1954 4870 2075 4924 qua:
2113 4857 2314 4914 invitos

731 4934 1039 5003 excipiunt,
1072 4946 1134 4992 ut
1157 4940 1442 5009 suscipiat,
1478 4943 1533 4996 in
1571 4943 1816 5000 animum
1855 4946 2086 5012 inducit,
2135 4949 2311 5003 virtu-

732 5024 806 5080 tis
833 5025 1026 5081 habitu
1061 5037 1228 5099 atque
1262 5033 1437 5102 gratia
1464 5049 1572 5087 non
1610 5034 1862 5104 ejicitur;
1893 5045 1954 5090 ut
1982 5039 2076 5108 qui
2114 5051 2310 5109 sponte

731 5117 878 5187 regis
924 5118 1215 5190 Babylonis
1237 5123 1429 5195 jugum
1475 5127 1733 5191 subierit,
1796 5144 1861 5183 ac
1905 5130 2058 5185 velut
2104 5131 2309 5187 delicto

655 5239 661 5245 -
733 5209 984 5266 {acturus
1023 5214 1156 5268 satis
1203 5230 1533 5287 poenamque
1568 5219 1749 5284 luens,
1786 5237 1894 5275 non
1930 5222 2157 5290 abnuat,
2186 5240 2309 5294 qua:

730 5298 813 5355 illi
858 5316 1035 5372 paenae
1073 5303 1389 5361 inferuntur
1433 5323 1448 5360 :
1492 5308 1589 5362 sed
1647 5307 1702 5362 in
1743 5309 1851 5364 illis
1897 5327 2144 5377 manens,
2192 5314 2306 5384 regi

726 5391 954 5464 quidem
1001 5393 1295 5467 Babylonis
1350 5398 1560 5454 tributo
1603 5401 1766 5456 solvit
1814 5401 1879 5468 “,
1928 5403 2197 5459 violentos
2239 5421 2306 5461 ex

798 5506 848 5539 “
871 5506 1077 5563 Jerem.
1109 5523 1276 5573 xxvu,
1312 5507 1346 5564 6
1372 5523 1526 5580 seqq.

728 5640 871 5708 quos
888 5627 1096 5708 statim.
1117 5628 1249 5708 τοὺς
1281 5626 1620 5708 πράττοντας
1647 5635 1827 5682 vocat.
1868 5626 2020 5708 Alibi
2035 5627 2299 5708 pluribus

727 5697 966 5767 explicat
993 5697 1280 5762 Maximus,
1315 5697 1437 5752 esse
1458 5700 1750 5760 actionem,
1774 5713 1838 5752 ac
1857 5698 2080 5753 virtutis
2107 5714 2295 5767 opera,

731 5711 796 5747 ex
840 5710 966 5750 neat
993 5710 1280 5762 maximus,
1315 5713 1437 5752 esse
1458 5710 1750 5760 actionem,
1774 5713 1838 5752 ac
1857 5710 2080 5753 virtutis
2107 5714 2295 5767 opera,

731 5710 884 5821 vefut
903 5781 1104 5837 corpus
1148 5768 1390 5825 hominis
1412 5768 1703 5840 spiritalis;
1747 5768 1923 5839 ipsum
1955 5769 2295 5825 intellectum

2411 4576 2738 4640 ἐνδιαθέτως
2771 4571 2886 4647 εἷχε
2909 4573 3008 4646 τὴν
3038 4574 3246 4646 ἔφεσιν.

2483 4667 2554 4736 ιε.
2588 4670 2704 4732 Πᾶς
2758 4667 3088 4738 ἀνεχόμενος
3154 4667 3417 4731 ἑκουσίως
3460 4668 3525 4722 ἐκ
3574 4669 3672 4738 τῆς
3698 4669 3811 4724 τῶν
3841 4669 3996 4741 αὐτῷ

2411 4760 2818 4832 πεπραγμένων
2842 4758 3268 4828 συναισθήσεως,
3293 4758 3550 4823 δέξασθαι
3566 4761 3667 4822 τὰς
3693 4762 3996 4826 ἐπιπόνους

2407 4853 2517 4906 τῶν
2549 4853 2820 4906 ἀκουσίων
2855 4849 3124 4920 ἐπιφοράς
3171 4848 3515 4920 πειρασμῶν,
3545 4851 3684 4920 μετά
3706 4852 3809 4921 τῆς
3835 4853 3996 4906 δεού-

2416 4961 2515 5015 σης
2556 4941 2927 5013 εὐχαριστίας,
2957 4942 3058 4995 οὐκ
3106 4940 3429 5005 ἐξοικίζεται
3486 4944 3586 5012 τῆς
3629 4945 3755 4994 κατ’
3789 4943 3996 5014 ἀρετὴν

2415 5037 2580 5104 ἐξεώς
2602 5053 2662 5090 τε
2695 5036 2788 5090 καὶ
2816 5037 3057 5106 χάριτος,
3086 5035 3163 5097 ὡς
3187 5034 3436 5088 ὑπελθὼν
3463 5037 3728 5100 ἑκουσίως
3775 5039 3872 5091 τὸν
3898 5041 3996 5105 ζυ-

2413 5126 2509 5196 γδν
2531 5124 2793 5196 βασιλέως
2833 5124 3180 5189 Βαϐυλῶνος,
3211 5125 3306 5178 καὶ
3330 5125 3407 5189 ὼς
3445 5129 3607 5197 χρέος
3671 5129 3991 5195 ἀποτιννίις,

2411 5217 2513 5280 τάς
2549 5216 2658 5269 τῶν
2693 5215 2940 5286 βασάνων
2965 5215 3237 5286 ἐπιφορὰς
3268 5219 3699 5288 καταδεχόμενος
3732 5237 3748 5250 ο
3781 5219 3904 5273 ἀλλ’
3935 5225 3999 5275 ἐν

2413 5309 2604 5371 αύταῖς
2629 5307 2827 5379 μένων,
2854 5306 2998 5360 τελεῖ
3025 5307 3101 5377 τῷ
3127 5306 3224 5376 μὲν
3252 5307 3462 5377 βασιλεῖ
3488 5308 3830 5375 Βαϐυλῶνος,
3865 5313 3996 5375 τοὺς

2413 5408 2478 5459 ἐκ
2499 5405 2593 5458 τοῦ
2617 5401 2861 5470 παθητοῦ
2885 5403 2984 5473 τῆς
3017 5402 3234 5471 φύσεως
3265 5402 3473 5473 βιαίους
3507 5404 3735 5470 πόνους,
3768 5407 3866 5458 καὶ
3891 5403 3996 5476 τὴν

2403 5641 2467 5701 et;
2481 5626 3021 5701 contemplationem,
3047 5629 3201 5701 velut
3228 5629 3469 5685 animam
3490 5669 3506 5698 ,
3543 5646 3664 5701 qua:
3689 5647 3751 5689 se
3791 5645 3995 5691 mutuo

2403 5699 2472 5756 ad
2501 5700 2622 5772 ejus
2651 5698 3047 5770 perfectionem
3074 5699 3377 5772 indigeant.
