4192 6436
230 440 374 504 1217

942 444 1274 507 CAPITUM
1315 448 1737 523 QUINQUIES
1777 454 2296 522 CENTENORUM
2334 463 2720 529 CENTURIA
2759 470 2809 531 Ι.

3356 478 3494 548 1218

223 558 311 609 ἐπ’
338 556 522 618 αὑτοῖς
551 558 691 610 κατὰ
715 557 954 613 διάνοιαν
986 562 1062 625 ὠς
1084 562 1373 633 ὀφειλέτης
1401 568 1579 620 αὑτῶν
1602 570 1687 621 διὰ
1706 569 1786 632 τάς

223 643 601 667 ---Ὶ..Ε--ε-μ-
668 648 743 667 ᾲλν
782 666 787 667 ,
890 648 908 667 κ
955 653 967 667 ο
1324 656 1371 667 ιιι
1650 659 1675 667 ..
1751 661 1786 667 -.

1910 582 2109 629 natura
2140 578 2350 647 patibili
2383 596 2448 636 ac
2496 585 2755 652 obnoxia,
2790 587 3031 656 labores,
3074 593 3388 667 mentisque
3434 600 3493 655 in

219 643 601 713 προλαϐοῦσας
661 648 1055 719 πλημμελείας,
1094 656 1495 719 συγκατάθεσιν
1530 675 1542 686 ·
1609 659 1686 730 τῷ
1746 661 1802 714 δὲ

218 734 362 804 Θεῷ,
399 738 726 809 προσφέρων
764 740 851 794 διά
876 741 1131 813 λατρείας
1170 746 1450 817 ἀληθινῆς,
1485 749 1585 818 τῆς
1618 754 1804 804 ταπει-

217 825 315 893 νῆς
343 826 485 894 λέγω
520 828 835 899 διαθέσεως,
856 833 955 905 τὴν
997 836 1110 889 τῶν
1144 839 1621 909 παρημελημένων
1658 843 1803 915 διόρ-

218 915 410 971 θωσιν.

288 1104 402 1174 ιμ’.
437 1109 495 1163 '0
515 1111 615 1181 τὴν
646 1113 789 1166 κατά
818 1116 1169 1185 συγχώρησιν
1189 1119 1326 1172 Θεοῦ
1354 1123 1487 1191 πρὸς
1510 1124 1799 1193 διόρθωσιν

212 1196 562 1270 ἐπαγομένην
589 1202 737 1272 αὑτῷ
764 1203 851 1257 διά
878 1205 988 1257 τῶν
1011 1207 1280 1260 ἀκουσίων
1309 1212 1631 1281 πειρασμῶν
1658 1230 1799 1282 συμ-

213 1290 416 1360 φορὰν,
445 1291 787 1362 εὐχαρίστως
845 1296 919 1365 μὴ
976 1299 1409 1368 καταδεχόμενος
1442 1304 1537 1355 καί⁹
1578 1303 1677 1373 τὴν
1703 1305 1796 1356 ἐπὶ

209 1381 293 1449 τῷ
316 1383 490 1434 δοκεῖν
518 1383 724 1447 δίκαιος
750 1381 909 1452 εἶναι,
948 1391 1270 1456 μεταγνοὺς,
1292 1392 1390 1445 οὑκ
1408 1394 1795 1465 ἀποτιθέμενος

209 1473 411 1541 οἴησιν,
440 1472 516 1536 ὡς
561 1478 675 1538 τοῖς
709 1475 875 1539 θείοις
902 1479 1012 1531 τῶν
1055 1480 1282 1535 δικαίων
1334 1486 1617 1553 κριμάτων
1648 1488 1797 1539 ἀντι-

210 1562 429 1616 πίπτων
456 1562 814 1635 θεσπίσμασι,
847 1568 943 1621 καὶ
968 1570 1041 1641 μὴ
1075 1573 1507 1643 καταδεχόμενος
1530 1578 1795 1640 ἑκουσίως

210 1649 320 1701 ὑπὸ
338 1650 427 1729 Iov
450 1651 612 1718 ζυγὸν
627 1654 878 1720 γενέσθαι
905 1657 1000 1710 τοῦ
1024 1658 1290 1729 βασιλέως
1322 1661 1638 1728 Βαϐυλῶνος
1655 1667 1795 1720 κατὰ

208 1740 311 1810 τὴν
332 1727 481 1795 θείαν
502 1743 787 1817 διαταγὴν,
811 1750 891 1812 εἰς
908 1727 1287 1821 αἰχμαλωσίαν
1312 1758 1683 1826 παραδίδοται⁹
1702 1759 1793 1811 καὶ⁵

208 1832 428 1897 κλοιοὺς
448 1835 543 1887 καὶ
567 1836 742 1907 δεσμὰ
766 1842 860 1893 καὶ
886 1840 1073 1912 λοιμὸν
1106 1845 1201 1897 καὶ
1228 1844 1456 1902 θάνατον
1479 1850 1571 1901 καὶ
1596 1852 1793 1919 μάχαι-

1911 678 2007 719 eos
2038 680 2388 734 consensum,
2426 679 2686 742 tanquam
2732 693 2929 733 eorum
2965 696 3115 747 reus,
3148 683 3221 738 ob
3250 699 3338 747 ea.
3368 702 3495 754 qua

1905 754 2019 823 jam
2058 756 2137 811 illi
2164 758 2367 815 delicta
2394 764 2688 819 commissa
2719 776 2867 833 sunt,
2901 771 3013 837 Deo
3053 783 3239 828 autem
3269 773 3491 845 per've-

1907 862 2031 901 rum
2061 851 2271 905 cultum
2316 862 2372 907 et
2398 854 2727 925 obsequium
2762 858 3048 926 (humilem
3081 865 3290 920 scilicet
3319 867 3491 923 animi

1908 957 2130 998 sensum
2158 955 2214 1000 et
2254 948 2629 1019 affectionem)
2665 952 3000 1010 delictorum
3037 959 3200 1014 oﬂert
3228 964 3492 1018 emenda-

1908 1033 2133 1091 tionem.
2999 1054 3003 1059 ‘

1975 1128 2063 1181 9i.
2125 1129 2231 1196 Qui
2286 1133 2589 1188 secundum
2650 1137 2746 1191 Dei
2800 1138 3198 1208 indulgentiam
3256 1144 3488 1215 ejusque

1904 1220 2201 1286 permissu,
2257 1237 2379 1290 qua:
2443 1215 2790 1282 inducuntur:
2836 1232 3241 1288 emendationis
3298 1251 3482 1301 causa,

1904 1311 2273 1364 tentationum
2325 1314 2526 1370 invitos
2568 1319 2970 1387 excipientium
3022 1323 3287 1389 incursu,.
3317 1328 3483 1395 mala,

1901 1403 2201 1471 gratiarum
2249 1406 2464 1462 actione
2512 1425 2620 1463 non
2672 1414 2934 1482 suscipit,
2986 1431 3108 1480 nec,
3158 1418 3483 1486 poenitentia

1901 1494 2121 1559 ductus,
2154 1498 2372 1552 inanem
2392 1501 2714 1569 jactantiam
2738 1505 2936 1574 suique
2966 1506 3305 1576 opinionem,
3332 1502 3481 1579 quod

1900 1585 2005 1640 sibi
2032 1588 2218 1657 justus
2245 1590 2515 1655 videatur,
2554 1593 2805 1663 deponit,
2845 1605 3103 1667 tanquam
3148 1600 3242 1669 qui
3276 1600 3484 1680 divinis

1893 1676 2169 1746 justorum
2200 1681 2537 1751 judiciorum
2570 1685 2812 1742 decretis
2852 1690 3120 1757 obsistat;
3148 1708 3251 1748 nec
3280 1676 3480 1764 sponte

1899 1769 1955 1822 in
1985 1772 2229 1825 animum
2266 1772 2512 1838 inducat,
2547 1787 2609 1830 ut
2633 1778 2786 1845 juxta
2814 1780 2911 1834 Dei
2951 1783 3294 1849 mandatum,
3332 1785 3481 1856 regis

1899 1860 2194 1932 Babylonis
2227 1865 2439 1935 sejugo
2466 1867 2742 1937 subjiciat,
2784 1870 2839 1924 in
2887 1874 3259 1943 captivitatem
3301 1876 3475 1932 tradi-

207 1938 335 1991 ραν,
360 1924 452 1976 καὶ
485 1926 583 1997 τῆς
614 1928 749 1992 ίδίας
777 1932 1060 1996 παντελῶς
1083 1935 1428 2001 ἀποικίζεται
1457 1941 1582 2009 γῆς.
1609 1942 1786 1995 Πάντα

1896 1963 2008 2013 tur,
2034 1956 2354 2025 catenisque
2377 1966 2434 2011 et
2457 1960 2695 2015 vinculis
2711 1972 2768 2016 et
2784 1962 2912 2016 fami
2947 1974 3003 2019 et
3023 1966 3145 2021 neci
3179 1967 3474 2039 gladioque

205 2014 321 2085 γὰρ
356 2017 551 2081 ταῦτα,
576 2021 670 2073 καὶ
706 2023 913 2077 τούτων
958 2026 1177 2081 πλείονα
1198 2069 1213 2094 ,
1247 2031 1277 2082 ό
1306 2031 1407 2100 τῆς
1438 2036 1559 2085 κατ’
1584 2035 1787 2106 ἀρετὴν

202 2109 306 2160 καὶ
322 2110 520 2176 γνῶσιν
553 2112 629 2174 ὠς
656 2112 789 2177 ίδίας
810 2117 913 2187 γῆς
940 2117 1338 2191 ἐξοικιζόμενος
1359 2124 1528 2188 ἕξεως
1558 2128 1780 2197 πάσχει·

199 2198 299 2252 διὰ
322 2201 383 2253 τὸ
410 2202 482 2274 μὴ
508 2204 682 2258 θέλειν
705 2207 868 2263 αὑτὸν
902 2211 962 2274 ἐξ
987 2211 1367 2283 ὑπερηφανίας
1416 2220 1511 2272 καὶ
1549 2222 1784 2290 ματαίας

198 2291 439 2361 οἰήσεως
476 2295 574 2358 τὰς
607 2297 694 2365 ἐφ’
716 2295 798 2363 οἷς
836 2301 1263 2374 ἐπλημμέλησεν
1303 2307 1549 2373 ἐκτιννὺς
1605 2311 1784 2377 δίκας,

198 2382 266 2433 ὲν
301 2381 542 2452 θλίψεσιν
592 2388 884 2459 εὑδοκῆσαι
934 2395 1029 2447 καὶ
1072 2396 1341 2465 ἀνάγκαις
1386 2400 1479 2452 καὶ
1522 2418 1790 2471 στενοχω-

201 2473 357 2545 ρίαις
391 2476 533 2529 κατὰ
560 2477 651 2530 τὸν
684 2478 830 2533 θεῖον
874 2484 1218 2543 ’Λπόστολον.
1247 2491 1400 2561 ᾜδει
1421 2492 1530 2562 γὰρ
1555 2494 1584 2544 ό
1615 2496 1789 2563 μέγας

213 2563 561 2629 Ἀπόστολος,
584 2567 923 2641 φυλακτικὴν
938 2574 1046 2627 τῶν
1072 2578 1229 2630 θείων
1246 2580 1383 2632 κατά
1400 2581 1576 2651 ψυχὴν
1589 2583 1790 2654 θησαυ-

201 2653 321 2723 ρῶν
338 2655 705 2725 ὑπάρχουσαν,
724 2664 821 2733 τὴν
838 2666 991 2727 ἐκτὸς
1005 2668 1133 2737 περὶ
1148 2668 1208 2720 τὸ
1221 2670 1379 2740 σῶμα
1394 2678 1790 2748 συνισταμένην

196 2742 297 2795 διὰ
314 2743 420 2796 τῶν
449 2746 626 2801 πόνων
650 2752 1002 2805 ταπείνωσιν·
1032 2759 1126 2808 καὶ
1142 2756 1229 2811 διά
1246 2756 1403 2811 τοῦτο
1426 2762 1668 2832 στέργων
1691 2764 1788 2816 ὑπ’

197 2833 387 2902 ἐμενε,
410 2838 501 2889 καὶ
522 2838 609 2892 διὰ
628 2841 837 2908 ἑαυτὸν,
859 2844 951 2895 καὶ
972 2846 1096 2909 τοὺς
1118 2842 1199 2910 οἷς
1220 2850 1418 2921 ἀρετῆς
1436 2852 1527 2904 καὶ
1552 2853 1788 2919 πίστεως

198 2926 491 2993 προέκειτο
524 2931 710 2996 τύποςο
738 2934 821 2989 ἵνα
836 2936 940 2989 κᾶν
969 2937 1043 3001 ὡς
1062 2940 1351 2995 ὑπεύθυνοι
1372 2945 1622 3014 πάσχωσι
1647 2948 1788 3000 κατά

196 3020 296 3074 τὸν
344 3023 737 3095 ἐπιτιμηθέντα
786 3030 1092 3100 Κορίνθιον,
1151 3035 1230 3097 εἰς
1260 3038 1601 3107 παρηγορίαν
1623 3039 1788 3108 ἔχωσι

197 3114 300 3167 καὶ
350 3114 625 3188 ὑπομονῆς
658 3119 891 3190 μίμησιν
919 3123 1008 3176 τὸν
1038 3126 1344 3191 ἀνευθύνως
1380 3130 1678 3200 πάσχοντα.

1895 2044 2191 2109 addicitur,
2248 2056 2413 2117 atque
2465 2051 2692 2107 omnino
2751 2056 2926 2123 patria
2975 2057 3310 2129 sedibusque
3356 2061 3473 2116 suis

1892 2136 2132 2206 ejicitur.
2157 2136 2283 2194 Hzec
2316 2141 2464 2194 enim
2490 2144 2696 2208 omnia,
2732 2155 2898 2214 atque
2931 2145 3016 2201 his
3047 2147 3203 2217 plura
3238 2151 3474 2219 patitur,

1892 2228 1986 2297 qui
2017 2229 2170 2282 velut
2186 2238 2329 2284 terra
2352 2247 2471 2296 sua,
2490 2233 2714 2288 virtutis
2731 2235 3083 2307 scientiaeque
3106 2238 3298 2294 habitu
3321 2240 3474 2297 able-

1888 2326 2083 2386 gatur;
2114 2319 2260 2388 quod
2287 2320 2546 2375 nimirum
2574 2338 2687 2392 pra:
2712 2323 2991 2393 superbia,
3033 2326 3294 2397 inanique
3326 2329 3465 2385 fastu

1889 2424 1953 2464 ac
1992 2412 2278 2481 jactantia,
2310 2422 2664 2482 peccatorum
2713 2416 2875 2473 luens
2927 2433 3136 2488 poenas,
3182 2422 3320 2478 nolit
3363 2423 3471 2479 sibi

1884 2502 2039 2571 juxta
2077 2501 2322 2563 divinum
2367 2504 2693 2574 Apostolum
2745 2507 2790 2539 ”
2838 2508 2893 2562 in
2930 2509 3380 2567 tribulationibus
3413 2521 3471 2567 et

1888 2595 2313 2649 necessitatibus
2361 2604 2417 2649 et
2460 2597 2727 2665 angustiis
2783 2599 3023 2668 placere,
3075 2615 3173 2655 seu
3229 2600 3361 2655 boni
3411 2609 3469 2655 et

1887 2685 2029 2754 aequi
2072 2686 2190 2739 hch
2214 2686 2437 2741 ducere.
2463 2688 2576 2743 Nec
2608 2689 2757 2742 enim
2805 2690 3011 2745 latebat
3036 2707 3293 2761 magnum
3320 2691 3467 2761 Apo-

1889 2775 2121 2837 stolum,
2150 2791 2273 2843 qua:
2312 2776 2558 2831 exterius
2586 2777 2733 2832 circa
2767 2792 2966 2849 corpus
3000 2782 3100 2850 per
3121 2781 3337 2836 labores
3365 2781 3471 2837 hu-

1888 2863 2094 2918 militas
2132 2864 2423 2929 conflatur,
2462 2867 2737 2936 ejusmodi
2777 2883 2918 2934 esse,
2952 2879 3013 2923 ut
3048 2884 3147 2939 per
3169 2886 3290 2924 eam
3321 2870 3467 2925 divi-

1888 2955 1975 3009 nis
2008 2955 2064 3009 in
2099 2957 2285 3010 animo
2342 2957 2616 3011 thesauris
2661 2958 2835 3028 probe
2887 2968 3170 3015 caveatur.
3219 2961 3468 3033 Eamque

1889 3045 1960 3099 ob
1990 3060 2101 3099 rem
2132 3045 2307 3100 libens
2338 3047 2669 3111 sustinebat,
2705 3058 2818 3102 tum
2847 3050 2930 3103 sui
2977 3051 3093 3119 ipse
3126 3052 3322 3120 gratia,
3347 3062 3466 3108 tum

1887 3150 2081 3188 eorum
2127 3134 2331 3205 quibus
2378 3136 2603 3190 virtutis
2650 3153 2713 3192 ac
2752 3138 2877 3192 ﬁdei
2912 3154 3106 3193 norma
3148 3142 3467 3209 propositus

194 3212 357 3271 erat;
392 3215 451 3260 ut
478 3209 565 3263 vel
602 3227 825 3266 reorum
866 3229 1019 3269 more
1050 3219 1343 3286 patientes,
1368 3223 1519 3276 velut
1552 3223 1643 3278 ille
1672 3224 1994 3281 Corinthius
2053 3227 2099 3258 “
2163 3228 2349 3281 multa:
2412 3228 2670 3284 addictus
2705 3238 2872 3299 atque
2918 3231 3167 3300 punitus,
3208 3233 3463 3288 consola-

195 3301 373 3357 tionis
390 3314 713 3374 argumento
739 3308 1170 3381 aemulandaque
1203 3315 1483 3383 patientia:
1516 3332 1643 3371 eum
1676 3317 1965 3383 haberent,
1992 3319 2151 3389 533
2184 3319 2276 3388 qui
2304 3330 2359 3374 et
2379 3320 2570 3374 insons
2603 3321 2937 3390 patiebatur.

274 3396 381 3465 ῑιβό
426 3397 486 3451 Ὀ
522 3398 598 3469 μὴ
640 3404 755 3465 τοῖς
780 3408 1024 3475 σχήμασι
1056 3411 1165 3464 τῶν
1192 3410 1404 3480 ὁρατῶν
1430 3411 1778 3479 ὲναπομένων

1954 3413 2042 3467 92.
2074 3412 2178 3479 Qui
2205 3429 2401 3468 sensus
2442 3413 2689 3477 libidine,
2718 3429 2903 3468 rerum
2932 3416 3235 3471 visibilium
3271 3417 3463 3489 ﬁguris

192 3487 288 3539 διὰ
312 3488 411 3559 τὴν
449 3490 724 3561 αἴσθησιν,
755 3494 893 3551 ἀλλὰ
922 3498 1061 3552 κατὰ
1082 3500 1207 3552 νοῦν
1236 3501 1361 3563 τοὺς
1390 3500 1582 3570 λόγους
1603 3501 1781 3554 αὑτῶν

194 3579 505 3649 ἀναζητῶν,
534 3581 609 3647 ὡς
638 3584 843 3655 νοητῶν
870 3587 1075 3653 τύπους
1105 3590 1175 3660 (υ)
1207 3590 1240 3662 ἢ
1271 3590 1463 3659 λόγους
1506 3592 1781 3663 αἰσθητῶν

169 3668 474 3742 σθεώμενος
520 3678 856 3746 κτισμάτων,
914 3681 1066 3733 οὐδὲν
1121 3682 1432 3755 ἀκάθαρτον
1486 3682 1625 3738 εἶναι
1671 3686 1780 3739 τῶν

190 3763 493 3833 ὁρωμένων
522 3766 834 3824 διδάσκεται
862 3785 879 3803 ⁸
915 3773 1095 3826 πάντα
1128 3774 1238 3845 γὰρ
1268 3775 1428 3845 φύσει
1474 3777 1613 3830 καλά
1660 3777 1779 3830 λίαν

190 3857 557 3930 καθέστηκεν.

270 3952 380 4020 ια’·
418 3956 434 3976 ’
473 3955 533 4006 ’0
553 3957 619 4027 τῇ
644 3960 857 4030 κινήσει
884 3956 994 4014 τῶν
1017 3962 1292 4033 αίσθητῶν
1324 3965 1400 4035 μὴ
1435 3966 1777 4021 συναλλοιοὺ-

195 4058 383 4112 μενος,
414 4043 704 4116 ἀκίϐδηλον
722 4048 820 4120 τὴν
838 4050 950 4104 τῶν
976 4052 1187 4120 ἀρετῶν
1210 4055 1532 4126 μετέρχεται
1554 4059 1771 4127 πρᾶξιν.

203 4132 269 4187 Ὀ
297 4134 354 4187 δὲ
376 4139 489 4199 τοῖς
521 4138 700 4193 αὑτῶν
738 4142 981 4211 σχήμασι
1017 4143 1091 4214 μὴ
1135 4144 1478 4210 διατυπώσας
1507 4148 1596 4200 τὸν
1624 4149 1769 4214 νοῦν,

188 4228 296 4298 τὴν
341 4229 516 4301 ἀληθῆ
568 4233 679 4285 τῶν
736 4235 904 4288 ὄντων
956 4237 1226 4308 ἀπείληφε
1268 4240 1447 4305 δόξαν.
1501 4243 1557 4295 Ὁ
1593 4242 1647 4295 δὲ
1682 4245 1772 4297 καὶ

189 4320 368 4389 αὑτὴν
398 4322 496 4391 τὴν
521 4323 711 4376 οὑσίαν
730 4324 840 4378 τῶν
859 4328 1027 4380 ὄντων
1048 4330 1113 4398 τῇ
1141 4328 1348 4400 διανοίᾳ
1374 4332 1771 4402 παραδραμὼν,

188 4411 271 4473 ὡς
327 4412 548 4481 ἀριστος
598 4414 865 4486 θεολόγος,
920 4419 1061 4489 μετὰ
1115 4419 1318 4490 ταύτην
1365 4423 1658 4491 ἀγνώστως
1704 4428 1769 4497 τῇ

192 4503 387 4573 μονάδι
406 4506 733 4575 προσέϐαλε.

265 4681 367 4748 ιβ’.
405 4684 443 4703 “
474 4685 590 4748 Πᾶς
620 4686 949 4759 θεωρητικὸς
982 4688 1124 4754 νοῦς,
1160 4689 1300 4761 ἔχων
1341 4692 1442 4761 τὴν
1495 4693 1770 4763 μάχαιραν

1884 3518 1995 3557 non
2028 3503 2375 3569 immoratur,
2417 3505 2513 3559 sed
2556 3520 2747 3559 earum
2784 3515 2968 3561 mente
2998 3508 3241 3564 rationes
3268 3514 3461 3580 exqui-

1883 3592 1975 3657 rit,
2020 3604 2279 3664 tanquam
2327 3595 2423 3664 qui
2458 3595 2862 3650 intelleetilium
2896 3598 3119 3664 formas,
3161 3609 3257 3655 aut
3283 3603 3460 3657 sensi-

1879 3685 2014 3740 lium
2043 3697 2356 3756 creatorum
2388 3686 2632 3740 rationes
2662 3695 3011 3754 contueatur,
3057 3690 3197 3745 nihil
3238 3692 3292 3745 in
3346 3692 3460 3748 illis

1878 3794 2003 3847 qua:
2035 3780 2212 3833 oculis
2260 3792 2612 3847 usurpamus,
2656 3778 3002 3834 immundum
3049 3797 3172 3837 esse
3204 3784 3455 3840 docetur.

1878 3868 2089 3924 Cuncta
2117 3870 2265 3924 enim
2300 3878 2496 3923 natura
2525 3868 2683 3924 valde
2714 3870 2857 3925 bona
2888 3872 3163 3926 exsistunt
3195 3873 3261 3929 ³⁸.

1947 3961 2036 4016 95.
2068 3959 2171 4026 Qui
2194 3977 2301 4014 una
2329 3976 2451 4015 cum
2487 3976 2669 4014 rerum
2695 3962 2981 4016 sensilium
3014 3975 3165 4018 motu
3190 3980 3301 4019 non
3327 3981 3452 4020 mu-

1877 4060 2044 4116 tatur,
2079 4053 2288 4107 aliusve
2330 4068 2397 4105 ex
2446 4051 2554 4105 alio
2593 4052 2853 4119 efﬁcitur,
2891 4054 2936 4109 is
2959 4070 3146 4109 veram
3181 4057 3452 4113 virtutum

1875 4142 2151 4195 actionem
2199 4142 2353 4194 colit.
2389 4140 2493 4205 Qui
2525 4154 2877 4197 vero*eorum
2913 4143 3102 4214 ﬁguris
3130 4146 3314 4202 animo
3336 4164 3447 4204 non

1873 4234 2161 4302 formatur,
2192 4251 2378 4290 veram
2423 4235 2491 4290 de
2530 4235 2697 4289 rebus
2733 4247 2931 4292 nactus
2976 4247 3060 4293 est
3108 4240 3446 4308 Opinionem.

1873 4327 1976 4394 Qui
2016 4340 2199 4383 autem
2236 4329 2408 4398 ipsam
2449 4344 2634 4384 rerum
2676 4329 2969 4383 essentiam
3010 4331 3198 4386 subtili
3244 4332 3451 4390 intelli-

1872 4422 2054 4491 gentia
2077 4431 2497 4493 praztergrcssus
2532 4430 2639 4486 est,
2673 4431 2933 4490 tanquam
2957 4422 3199 4491 optimus
3230 4424 3446 4489 theolo.

1871 4529 1991 4584 gus,
2031 4514 2212 4585 ignota
2252 4516 2464 4570 ratione
2507 4514 2598 4568 illa
2645 4523 2924 4581 superata,
2955 4515 3198 4570 animum
3244 4517 3442 4573 unitati

1871 4606 2088 4675 adjecit.

1944 4700 2030 4754 94.
2071 4699 2222 4754 Mens
2269 4700 2450 4755 omnis
2494 4703 2959 4773 contemplatione
3006 4711 3284 4772 provecta,
3325 4702 3446 4772 gla-

184 4771 286 4825 τοῦ
313 4775 644 4845 πνεύματος,
676 4779 704 4831 ὅ
732 4757 853 4832 δὲστι
880 4781 1030 4851 ῥῆμα
1061 4757 1221 4845 Θεοῦ,
1241 4785 1297 4835 ὲν
1318 4757 1615 4855 έαρτῷτῆξ
1638 4757 1765 4854 φ-αι-

1889 4792 2026 4847 lium
2062 4793 2293 4862 spiritus
2318 4793 2550 4857 habens,
2586 4796 2734 4863 quod
2772 4804 2855 4850 est
2884 4794 3115 4849 verbum
3149 4794 3247 4849 Dei
3282 4794 3347 4858 “,
3385 4796 3441 4848 in

185 4864 427 4937 νομένης
464 4867 694 4933 κτίσεως
742 4871 1069 4937 ἀποκτείνας
1116 4874 1213 4945 τὴν
1270 4876 1502 4948 κίνησιν,
1548 4877 1765 4947 κατώρ-

1868 4898 1927 4937 se
1964 4883 2079 4952 ipsa
2114 4894 2399 4953 perempto
2427 4895 2694 4940 creatura:
2717 4887 2894 4940 oculis
2926 4886 3238 4955 conspicuae
3264 4896 3438 4948 motu,

188 4958 367 5012 θωσεν
400 4961 602 5031 ἀρετήν
633 4978 647 4992 ·
690 4963 918 5017 καὶτῶν
950 4965 1223 5037 αἰσθητῶν
1252 4969 1548 5038 σχημάτων
1569 4970 1763 5021 ἑαυτοῦ

1889 4974 2130 5028 rirtutem
2165 4975 2361 5042 adepta
2396 4986 2515 5040 est;
2562 4978 2958 5048 sensiliumque
2992 4981 3289 5049 ﬁgurarum
3316 4996 3348 5034 a
3379 4996 3441 5035 se

185 5051 290 5122 τὴν
338 5053 641 5121 φαντασίαν
684 5054 997 5127 ἀποτεμὼν,
1042 5056 1141 5128 τὴν
1192 5059 1251 5111 ἐν
1296 5062 1408 5124 τοίς
1456 5059 1632 5129 λόγοις
1655 5062 1763 5114 τῶν

1889 5065 2109 5119 ιιιεοὶεεει
2149 5066 2503 5135 cogitatione,
2549 5067 2604 5121 in
2651 5084 2836 5124 rerum
2870 5071 3176 5127 rationibus
3203 5072 3440 5142 positam

260 5206 308 5239 ³³
338 5206 383 5261 ll
411 5205 538 5261 Cor.
572 5174 735 5273 νιξι.
810 5209 857 5241 ⁸⁸
909 5209 1080 5266 lCor.
1117 5229 1168 5279 v,
1199 5215 1250 5269 5.
1329 5215 1374 5247 ³⁵
1406 5215 1541 5271 Gen.
1573 5233 1611 5283 ι,
1642 5218 1730 5272 51.

1889 5220 2083 5289 Ephes.
2110 5237 2180 5283 v1,
2208 5221 2296 5276 l7.

256 5348 274 5365 ~
303 5342 384 5397 cr.
416 5343 499 5397 Ad
540 5344 694 5401 Thal.
726 5365 781 5417 q.
815 5349 908 5413 23,

258 5480 332 5552 (v)
367 5481 770 5561 Τοὺς-λόγους
820 5487 1017 5541 αὐτῶν
1046 5492 1371 5559 ἀναζητῶν,
1423 5496 1503 5558 ὡς
1528 5495 1760 5561 νοητῶν

188 5553 420 5629 tuasque
451 5568 464 5581 '
496 5552 698 5629 _Eorum
728 5567 899 5629 mente
920 5563 1147 5629 exquirit
1181 5552 1441 5627 rationes,
1467 5552 1522 5616 ut
1552 5552 1763 5618 intelle-

189 5622 447 5697 ctibilium
482 5624 698 5691 formas.
737 5627 816 5680 Ex
851 5622 1145 5686 sensilibus
1186 5634 1355 5697 enim,
1391 5622 1471 5689 sic
1500 5636 1758 5697 spiritali-

195 5652 447 5676 ωιυιιιιηιο
482 5652 698 5691 junuuo.
737 5652 816 5680 εει
851 5652 1145 5686 δυιιδιιιυυδ
1186 5652 1355 5697 enim,
1391 5652 1471 5689 SIC
1500 5652 1526 5689 S
1568 5652 1750 5689 ll'llall‘

195 5700 282 5746 ter
305 5692 465 5774 lectis
487 5708 681 5776 eorum
723 5698 1050 5776 rationibus,
1104 5704 1441 5776 assurgimus
1470 5652 1750 5776 adpvontd,

192 5777 277 5845 res
320 5762 586 5831 spiritales
631 5776 679 5845 et
708 5782 846 5845 quq
865 5768 981 5822 sola
1017 5762 1187 5845 mente
1214 5762 1599 5845 invtelliguntur.
1630 5762 1756 5832 licet:

190 5831 352 5889 Picus
382 5848 605 5905 prorsus
629 5831 988 5908 ἀφίλοσόφως.
1018 5838 1121 5896 Sed
1156 5859 1261 5912 qua
1289 5845 1351 5900 de
1373 5831 1451 5900 liis
1473 5831 1754 5917 dicuntur,

2000 5358 2200 5413 Eadem
2240 5360 2457 5417 iterum.

1866 5509 1923 5579 ut
1950 5498 2387 5584 intellecfualium
2429 5503 2584 5584 typis.
2611 5502 3058 5584 Intellectualiurn
3084 5507 3291 5584 νοερῶν
3323 5518 3430 5584 est,

1863 5570 1980 5623 sive
2025 5570 2573 5646 mentium,_voni&)v,
2610 5590 2788 5628 eorum
2819 5593 2937 5646 qua:
2970 5577 3035 5630 ab
3077 5570 3194 5630 illis
3229 5570 3431 5632 intem;

1863 5646 2080 5711 guntur,
2124 5655 2200 5711 Aac
2250 5642 2402 5696 velut
2446 5658 2637 5697 eorum
2684 5642 2842 5701 cibus
2876 5655 3036 5711 sunt,
3091 5647 3169 5700 uti
3204 5650 3432 5711 exponit

1859 5709 2082 5790 Dionys.
2117 5708 2209 5765 Sic
2243 5719 2421 5766 tamen
2466 5715 2664 5794 passim
2694 5708 3431 5798 interpreteslconfundunt;

1862 5780 2151 5849 superiora
2180 5796 2346 5846 vero,
2380 5780 2540 5837 nemo
2576 5784 2650 5860 ita
2682 5780 2875 5847 reddat
2900 5798 2957 5844 ut
2986 5789 3169 5856 Picus,
3197 5788 3293 5860 qui
3325 5780 3429 5845 nco

1859 5865 2111 5908 errorem
2136 5865 2251 5923 seq.
2289 5866 2406 5925 cap.
2439 5856 2689 5912 mutavit.
