4192 6436
720 371 861 442 1219

1910 381 1971 441 S.
2009 379 2293 441 MAXIMI
2333 380 2840 451 CONFESSORIS

3850 410 4002 477 1220

715 490 1009 546 veritatem
1064 490 1302 560 invenit;
1357 508 1466 562 qua
1520 493 1792 551 naturalis
1847 497 2152 567 speculatio
2199 513 2289 553 seu

2403 499 2575 555 ὅντων
2609 498 2768 576 εὗρεν
2789 507 3070 579 ἀλήθειαν,
3096 512 3219 568 καθ’
3250 516 3319 586 ἦν
3347 517 3380 587 ὴ
3408 519 3613 591 φυσικὴ
3637 520 3840 593 θεωρία
3868 543 4002 579 συν-

715 583 1111 652 contemplatio
1156 584 1412 639 consistit
1454 602 1468 637 :
1519 600 1704 640 rerum
1757 587 1998 657 denique
2043 598 2301 658 superata

717 671 1050 737 substantia,
1078 670 1281 727 divina:
1319 688 1383 727 ac
1409 674 1796 745 insuperabilis
1822 676 2055 731 unitatis
2086 677 2300 735 lumine

716 762 1094 824 collustratur,
1151 762 1206 816 in
1267 778 1379 833 quo
1433 781 1578 820 verae
1631 766 1921 837 theologia:
1975 768 2300 840 mysterium

714 853 1078 907 constitutum
1110 865 1218 909 est.

784 944 873 997 95.
906 944 1213 1016 Unicuique
1236 947 1404 1011 Deus,
1434 964 1537 1018 pro
1564 949 1814 1020 subjecta
1840 950 1918 1005 illi
1939 951 2007 1005 de
2040 953 2154 1007 Deo
2182 954 2301 1024 opi-

616 1064 619 1067 λ
715 1033 881 1089 nione
914 1037 1319 1092 manifestatur.
1342 1039 1415 1093 lis
1444 1039 1667 1109 quidem
1692 1041 1786 1111 qui
1812 1041 2090 1097 desiderio
2121 1052 2297 1099 terre-

715 1142 842 1179 nam
872 1139 1276 1197 superaverunt
1322 1133 1803 1201 compositionem,
1835 1136 2091 1205 viresque
2124 1137 2296 1192 animi

715 1219 833 1289 pari
869 1220 1016 1275 inter
1047 1237 1105 1276 se
1132 1222 1361 1287 virtute,
1397 1227 1701 1281 secundum
1732 1243 1898 1282 unam
1934 1230 2297 1301 eamdemque

707 1310 856 1380 jugis
891 1319 1074 1368 motus
1122 1313 1273 1369 circa
1317 1315 1489 1369 Deum
1539 1318 1894 1386 agitationem
1942 1321 2090 1376 nacti
2143 1330 2294 1386 sunt,

713 1409 976 1471 tanquam
1029 1405 1215 1460 unitas
1264 1415 1431 1476 atque
1476 1407 1722 1463 Trinitas
1778 1421 2028 1480 apparet,
2079 1428 2191 1482 quo
2237 1420 2295 1467 et

713 1494 994 1562 propriam
1035 1495 1412 1551 exsistentiam
1454 1501 1733 1565 ostendat,
1773 1509 1831 1555 et
1876 1501 2024 1558 illius
2070 1505 2293 1559 modum

713 1584 944 1652 mystice
970 1585 1185 1641 doceat.
1222 1586 1435 1654 Quibus
1469 1600 1652 1645 autem
1686 1593 1983 1661 appetendi
2027 1594 2111 1649 vis
2143 1597 2293 1651 circa

715 1682 993 1731 terrenam
1034 1678 1379 1735 solummodo
1413 1682 1870 1752 compositionem
1904 1692 2177 1750 versatur,
2204 1688 2290 1740 vi-

715 1782 912 1835 resque
945 1769 1113 1822 animi
1138 1785 1250 1823 non
1271 1771 1407 1826 alias
1435 1773 1560 1827 aliis
1593 1772 1881 1829 devinetas
1902 1774 2138 1841 habent;
2177 1792 2287 1832 non

2395 1803 2496 1872 τῆς
2549 1769 2728 1873 duxi;
2782 1769 3044 1875 δυνάμεις

712 1856 823 1911 illis
843 1869 1069 1928 apparet
1104 1868 1171 1915 ut’
1202 1860 1318 1931 ipse
1346 1871 1450 1928 est,
1482 1863 1580 1919 sed
1612 1874 1674 1919 ut
1718 1865 1796 1918 illi
1825 1881 1885 1919 se
1918 1865 2165 1932 habent;
2197 1884 2289 1922 os-
2321 1853 2367 1912 Β

712 1949 947 2004 tendens
977 1951 1249 2006 ambabus
1278 1954 1536 2009 manibus
1566 1962 1849 2010 terrenum
1883 1959 2169 2027 amplexos
2202 1958 2290 2013 bi-

710 2041 963 2108 narinm;
995 2059 1106 2113 quo
1134 2045 1376 2099 mundus
1411 2061 1734 2115 corporeus,
1762 2049 1918 2103 velut
1947 2064 2016 2104 ex
2060 2050 2291 2105 materia

709 2136 765 2182 ct
790 2128 968 2185 forma
998 2141 1318 2200 concretus,
1344 2134 1620 2190 consistit.

783 2222 871 2278 96.
909 2224 1140 2280 Divinus
1168 2224 1486 2296 Apostolus,
1513 2228 1649 2283 alias
1690 2229 1934 2300 aliasque
1966 2231 2131 2287 unius
2161 2231 2290 2302 Spi-

710 2316 853 2371 ritus
902 2317 1079 2371 sancti
1126 2318 1478 2387 operationes
1525 2335 1622 2374 seu
1667 2320 1902 2387 amatus,
1962 2322 2068 2376 alia
2123 2334 2290 2393 atque

706 2409 813 2462 alia
848 2417 1009 2461 vocat
1053 2408 1217 2474 dona,
1272 2426 1395 2480 qua:
1444 2428 1587 2467 unus
1629 2423 1794 2483 atque
1839 2414 1985 2468 idem
2030 2423 2290 2484 operetur

708 2498 949 2570 Spiritus
995 2500 1062 2553 ³⁷.
1099 2500 1381 2570 Siquidem
1416 2502 1585 2573 igitur
1614 2504 1771 2575 juxta
1796 2519 2114 2560 mensuram
2157 2505 2286 2560 ﬁdei

709 2592 766 2645 in
810 2608 1146 2663 unoquoque
1193 2593 1359 2649 datur
1391 2595 1763 2650 manifestatio
1792 2596 2054 2667 Spiritus,
2099 2613 2163 2652 ea
2201 2614 2287 2652 ra-

706 2682 856 2737 tione
889 2698 999 2751 qua
1029 2683 1159 2736 doni
1187 2684 1337 2738 illius
1377 2686 1732 2754 participatio
1757 2696 2083 2755 prmstatur:
2117 2687 2285 2743 nimi-

707 2791 830 2828 rum
881 2775 1084 2845 singuli
1117 2774 1308 2831 ﬁdcles
1345 2791 1447 2846 pro
1480 2774 1606 2832 ﬁdei
1643 2778 1891 2843 modulo,
1926 2779 2285 2850 subjectaque

705 2865 818 2920 illis
836 2866 1004 2919 animi
1025 2864 1408 2936 dispositione,
1430 2866 1591 2938 534
1608 2882 1977 2922 commcnsam
2009 2870 2116 2922 reci
2124 2869 2286 2938 piunt

704 2956 947 3026 Spiritus
981 2957 1364 3027 operationem
1408 2958 1785 3028 alllatumque,
1832 2960 2170 3014 tribuentem
2200 2960 2284 3016 eis

702 3048 1126 3105 convenientem
1171 3050 1444 3115 habitum,
1479 3051 1549 3106 ad
1582 3051 1749 3124 hujus
1785 3051 2003 3107 illiusve
2034 3051 2281 3107 mandati

700 3141 1137 3195 exsecutionem.

773 3236 863 3289 97.
904 3235 1381 3301 Quemadmodum
1424 3236 1564 3292 alius
1601 3237 1804 3307 accipit
1844 3253 2156 3293 sermonem
2190 3253 2277 3293 sa—

702 3326 946 3396 pientize,
973 3327 1115 3381 alius
1137 3342 1273 3381 vero
1296 3342 1608 3382 sermonem
1639 3327 1904 3389 scientiae,
1929 3328 2071 3381 alius
2092 3338 2276 3383 autem

702 3416 876 3471 ﬁdei‘:
910 3417 1161 3487 aliusque
1187 3417 1337 3473 aliud
1381 3418 1516 3488 quid
1562 3433 1757 3473 eorum
1799 3417 2073 3472 donorum
2101 3418 2276 3489 Spiri-

702 3520 816 3576 tus,
849 3525 973 3581 quze
1017 3524 1228 3579 magno.
1253 3510 1519 3579 Apostolo
1562 3509 1833 3565 recensita
1891 3516 2023 3566 sunt
2049 3510 2146 3566 '3:
2196 3514 2277 3569 sic

701 3603 844 3657 alius
876 3601 1099 3672 quidem
1122 3617 1221 3671 per
1250 3600 1536 3671 Spiritum,
1561 3601 1767 3656 donum
1794 3602 1994 3673 accipit
2018 3604 2275 3674 perfecta:

700 3708 767 3749 ac
811 3693 1142 3748 immediata:
1183 3692 1242 3747 in
1286 3692 1461 3747 Deum
1496 3692 1789 3748 charitatis
1821 3694 2070 3764 nihilque
2103 3705 2275 3751 terre-

701 3801 833 3841 num
873 3786 1150 3848 habentis,
1195 3785 1497 3840 secundum
1542 3793 1747 3839 certam
1791 3784 1918 3839 ﬁdei
1966 3786 2269 3854 rationem;

701 3878 843 3934 alius
869 3891 1001 3932 vero
1027 3891 1127 3946 per
1154 3876 1416 3932 eumdem
1445 3874 1733 3947 Spiritum,
1765 3876 1972 3931 donum
2014 3877 2272 3947 perfectae

700 3986 831 4042 erga
881 3970 1188 4040 proximum
1233 3969 1583 4035 dilectionis,
1636 3969 1887 4039 aliusque
1933 3969 2084 4024 aliud
2137 3969 2270 4041 quid

693 4058 1002 4117 secundum
1036 4059 1293 4115 eumdem
1322 4057 1611 4129 Spiritum,
1648 4059 1728 4114 uti
1760 4060 2046 4127 dicebam;
2068 4060 2148 4115 sic
2178 4060 2269 4114 ni-

697 4154 900 4208 mirum
947 4160 1010 4206 ut
1052 4151 1253 4222 singuli
1292 4149 1576 4220 proprium
1608 4150 1664 4204 in
1701 4161 1826 4207 actu
1858 4168 1920 4207 ac
1963 4154 2268 4210 exercitum

698 4245 940 4300 habeant
964 4242 1192 4298 donum.
1232 4241 1464 4296 Omnem
1498 4241 1647 4297 enim
1683 4242 1927 4298 mandati
1969 4243 2026 4297 in
2054 4254 2180 4300 actu
2204 4261 2270 4302 ac

694 4335 1000 4390 exercitum
1034 4332 1306 4396 habitum,
1343 4331 1585 4401 Spiritus
1608 4332 1744 4387 dicit
1774 4350 1894 4388 esse
1931 4333 2159 4391 donum.

763 4426 852 4482 98.
884 4425 1103 4480 Domini
1130 4424 1403 4494 baptisma
1432 4430 1538 4490 est,
1565 4424 1872 4480 voluntatis
1904 4435 2110 4482 nostra:
2136 4443 2266 4499 erga

2409 594 2608 665 έστηκε
2632 612 2646 625 ’
2680 600 2775 653 καὶ
2805 602 2905 672 τῆς
2930 604 3117 669 οὐσίας
3142 606 3251 660 τῶν
3308 608 3477 663 ὅντων
3527 613 3784 685 ὑπεράνω
3834 620 3997 687 γενό-

2409 703 2594 757 μενος,
2624 689 2717 743 τὸν
2755 691 2852 762 τῆς
2885 693 3035 759 θείας
3081 696 3177 752 καὶ
3233 698 3445 771 ἀμάχου
3502 705 3728 774 μονάδος
3770 707 3995 779 δέχεται

2407 780 2709 850 φωτισμὸν,
2749 783 2874 836 καθ’
2909 785 2968 838 δν
3001 788 3102 858 τῆς
3119 789 3354 861 ἀληθοῦς
3383 791 3661 863 θεολογίας
3688 800 3995 871 συνέστηκε

2404 872 2464 924 τὸ
2489 876 2805 945 μυστήριον.

2476 969 2577 1032 ῑ-,ε’.
2621 966 2871 1041 Ἐκάστῳ
2899 973 3042 1027 κατά
3087 972 3186 1045 τὴν
3232 976 3600 1049 ὑποκειμένην
3651 982 3803 1051 αὖτῷ
3852 986 3993 1057 περὶ

2403 1058 2540 1113 Θεοῦ
2569 1060 2749 1127 δόξαν,
2781 1064 2809 1118 ὁ
2849 1064 2980 1128 Θεὸς
3006 1066 3369 1136 ἐμφανίζεται
3396 1088 3409 1102 ·
3441 1074 3552 1135 τοῖς
3578 1075 3678 1142 μὲν
3712 1080 3835 1129 κατ’
3856 1078 3992 1146 ξαε-

2406 1170 2489 1205 σιν
2522 1153 2621 1224 τὴν
2646 1155 2837 1224 ὑλικὴν
2866 1159 3140 1230 περάσασι
3165 1160 3433 1229 σύνθεσιν,
3468 1166 3560 1218 καὶ
3592 1166 3691 1230 τὰς
3723 1167 3991 1237 δυνάμεις

2400 1245 2502 1312 τῆς
2522 1246 2699 1318 ψυχῆς
2727 1249 2941 1303 ίσοδυνα
2949 1249 3157 1321 μούσας
3178 1252 3436 1324 ἀλλήλαις
3458 1259 3819 1327 κεκτημένοις
3841 1264 3988 1317 κατά

2405 1338 2533 1407 μίαν
2568 1340 2662 1393 καὶ
2690 1340 2787 1412 τὴν
2807 1340 2976 1414 αὑτὴν
2998 1342 3339 1415 ἀεικινησίαν
3359 1347 3488 1416 περὶ⁸
3522 1348 3674 1410 Θεὸν,
3704 1349 3782 1414 ὡς
3814 1352 3984 1421 μονάς

2402 1430 2836 1499 ὲκφαίνεταικαὶ
2857 1432 3045 1505 Τριὰς,
3083 1435 3171 1489 ἵνα
3206 1438 3300 1491 καὶ
3351 1438 3450 1509 τὴν
3499 1440 3707 1494 οἰκείαν
3744 1441 3983 1514 ὓπαρξιν

2400 1523 2769 1592 παραδείξειε,
2803 1527 2895 1580 καὶ
2918 1526 3008 1578 τὸν
3037 1525 3210 1597 αὑτῆς
3230 1528 3431 1599 τρόπον
3456 1531 3737 1600 μυστικῶς
3762 1533 3982 1587 ἐκδιδάο

2400 1613 2530 1678 ξειε.
2571 1615 2696 1679 Τοῖς
2719 1616 2777 1669 δὲ
2810 1619 2939 1688 περὶ
2962 1618 3130 1688 μόνην
3157 1619 3258 1692 τὴν
3288 1620 3480 1693 ὑλικὴν
3509 1622 3761 1677 σύνθεσιν
3796 1624 3980 1694 ἔχουσι

2398 1709 2727 1781 κινουμένην
2751 1711 2851 1779 τὴν
2882 1710 3088 1780 ἔφεσιν,
3122 1712 3216 1765 καὶ
3244 1713 3503 1785 ἀλλήλαις
3530 1715 3857 1779 ἀσυνδέτους
3881 1718 3981 1780 τὶς

3091 1807 3472 1878 κεκτημένοις,
3522 1807 3626 1877 οὑχ
3666 1808 3742 1871 ὡς
3790 1806 3976 1870 ἔστιν,

2392 1894 2510 1947 ἀλλ’
2540 1895 2615 1960 ὡς
2646 1896 2783 1950 εἰσὶν
2811 1897 3193 1967 ἐμφανίζεται,
3249 1900 3464 1963 δεικνὺς
3509 1901 3590 1952 ὅτι
3620 1901 3722 1969 τῆς
3774 1899 3978 1968 ὑλικῆς

2391 1986 2583 2051 δυάδος
2612 1988 2817 2057 ἀμφοῖν
2844 1990 3171 2047 ἐπελάϐοντο
3220 1993 3340 2044 ταῖν
3390 1995 3572 2062 χεροῖν
3597 2008 3612 2023 ’
3661 1992 3784 2047 καθ’
3838 1995 3909 2063 ἠν
3948 1994 3980 2046 ό

2393 2078 2727 2146 σωματικὸς,
2759 2078 2834 2142 ὡς
2864 2080 2922 2144 ἐξ
2947 2078 3079 2151 ὕλης
3096 2080 3188 2134 καὶ
3210 2080 3405 2145 εἴδους,
3431 2082 3730 2152 συνέστηκε
3745 2081 3977 2151 κόσμος.

2461 2252 2577 2317 ιτς-ν.
2612 2251 2631 2270 “
2672 2249 2729 2303 '0
2791 2249 2932 2314 θεῖος
2991 2250 3334 2319 Ἀπόστολος,
3366 2251 3464 2314 τάς
3510 2250 3801 2320 διαφόρους
3823 2251 3979 2321 ἐνερ-

2387 2343 2544 2412 γείας
2572 2343 2667 2397 τοῦ
2707 2344 2824 2408 ἑνὸς
2861 2344 3018 2413 ἁγίου
3066 2345 3404 2415 Πνεύματος,
3448 2345 3765 2416 χαρίσματα
3822 2345 3979 2413 λέγει

2386 2433 2643 2504 διάφορα,
2678 2434 2767 2503 ὑφ’
2794 2434 2910 2497 ἐνὸς
2930 2435 3172 2505 δηλονότι
3209 2436 3303 2488 καὶ
3346 2434 3441 2488 τοῦ
3490 2435 3656 2490 αὑτοῦ
3708 2436 3979 2506 ἐνεργού-

2390 2540 2530 2593 μενα
2557 2510 2896 2595 Πνεὺματος.
2928 2526 2990 2578 Εἰ
3014 2525 3194 2579 τοίνυν
3221 2525 3364 2579 κατὰ
3391 2524 3453 2577 τὸ
3510 2525 3708 2596 μέτρον
3756 2525 3861 2595 τῆς
3912 2527 3976 2578 ὲν

2385 2611 2601 2683 ἑκάστῳ
2633 2611 2865 2675 πίστεως
2898 2611 3097 2665 δίδοται
3122 2614 3155 2682 ἡ
3188 2613 3494 2683 φανέρωσις
3522 2612 3615 2665 τοῦ
3645 2611 3975 2681 Πνεύματος

2385 2707 2444 2759 ἐν
2466 2706 2532 2775 τῇ
2586 2706 2788 2776 μετοχῇ
2829 2704 2926 2758 τοῦ
2967 2704 3175 2758 τοιοῦδε
3201 2706 3561 2776 χαρίσματος,
3597 2703 3830 2768 ἕκαστος
3856 2705 3973 2757 τῶν

2386 2795 2594 2848 πιστῶν
2626 2795 2869 2867 δηλονότι
2900 2795 3043 2850 κατὰ
3070 2796 3170 2867 τὴν
3213 2795 3503 2865 ἀναλογίαν
3550 2798 3653 2868 τῆς
3701 2796 3973 2860 πίστεως,

2383 2883 2604 2954 καὶτῆς
2631 2884 3002 2955 ὑποκειμένης
3042 2883 3192 2954 αὑτῷ
3230 2883 3374 2938 κατά
3417 2883 3593 2954 ψυχὴν
3645 2883 3971 2948 διαθέσεως,

2384 2992 2749 3047 συμμεμετρη
2760 2976 2927 3047 μένην
2963 2975 3178 3047 δέχεται
3206 2975 3300 3029 τοῦ
3330 2974 3644 3046 Πνεὺματος
3671 2976 3771 3049 τὴν
3805 2976 3973 3043 ἐνέρ-

2381 3085 2558 3137 γειαν,
2615 3067 2983 3140 χαριζομένην
3028 3067 3177 3139 αὑτῷ
3215 3067 3376 3138 τῆσδε
3436 3067 3471 3139 ἢ
3526 3070 3687 3140 τῆσδε
3716 3069 3822 3139 τῆς
3873 3072 3972 3123 ὲν-

2383 3160 2546 3230 τολῆς
2573 3162 2673 3232 τὴν
2699 3161 3046 3232 ἁρμόζουσαν
3072 3161 3210 3235 πρὸς
3230 3162 3514 3234 ἐνέργειαν
3539 3164 3671 3229 ἕξιν.

2450 3252 2555 3320 ιιξν.
2594 3254 2807 3328 ’Ὠσπερ
2844 3255 2873 3310 ό
2910 3254 3007 3327 μὲν
3047 3255 3316 3327 λαμϐάνει
3361 3257 3520 3324 λόγον
3569 3255 3788 3326 σοφίας,
3834 3256 3865 3308 ὁ
3903 3255 3987 3315 δὲ,

2378 3346 2536 3418 λόγον
2560 3346 2835 3418 γνώσεως,
2878 3349 3064 3419 ἕτερος
3092 3349 3171 3413 δὲ,
3203 3350 3459 3413 πίστεως,
3507 3349 3602 3401 καὶ
3634 3347 3797 3410 ἄλλος
3830 3347 3968 3401 ἀλλο

2377 3459 2430 3494 τι
2456 3440 2565 3494 τῶν
2601 3441 3074 3513 ἀπηριθμημένων
3102 3442 3181 3512 τῷ
3232 3441 3458 3513 μεγάλῳ
3506 3440 3818 3511 Ἀποστόλῳ
3860 3460 3967 3512 χα-

2377 3532 2660 3602 ρισμάτων
2707 3532 2801 3584 τοῦ
2843 3531 3160 3601 Πνεύματος
3190 3548 3206 3564 ο
3243 3529 3415 3593 οὑτως
3441 3532 3468 3584 ὁ
3493 3529 3591 3601 μὲν
3624 3529 3844 3600 δέχεται
3870 3529 3965 3584 διὰ

2373 3621 2470 3675 τοῦ
2527 3621 2847 3693 Πνεὺματος
2894 3622 3143 3693 χάρισμα
3185 3622 3289 3691 τῆς
3344 3620 3558 3685 τελείας
3603 3621 3698 3674 καὶΙ
3742 3621 3964 3692 ἀμέσου

2374 3714 2511 3786 πρὸς
2546 3714 2681 3769 Θεὸν
2724 3714 2815 3769 καλ
2848 3715 3013 3787 μηδὲν
3040 3713 3271 3786 ἐχούσης
3298 3713 3480 3768 ὑλικὸν
3514 3713 3760 3784 ἀγάπης,
3815 3714 3965 3768 κατά

2372 3803 2473 3872 τὴν
2493 3803 2787 3872 ἀναλογίαν
2814 3805 2913 3874 τῆς
2946 3804 3184 3867 πίστεως
3211 3820 3224 3833 ·
3254 3802 3449 3874 ἕτερος,
3470 3802 3528 3855 δὲ
3556 3801 3644 3855 διά
3663 3802 3761 3856 τοῦ
3784 3804 3961 3858 αὑτοῦ

2374 3894 2713 3965 Πνεὺματος,
2745 3895 2847 3965 τῆς
2872 3894 3083 3957 τελείας
3121 3894 3341 3966 ἀγάπης
3389 3893 3528 3964 πρὸς
3579 3892 3673 3948 τὸν
3722 3892 3960 3966 πλησίον

2372 3986 2618 4057 χάρισμα
2645 4002 2660 4018 ο
2696 3985 2855 4050 ἄλλος
2895 3986 2952 4039 δὲ
2982 3986 3110 4042 ἄλλο
3147 4004 3221 4050 τι,
3255 3984 3400 4041 κατά
3437 3985 3500 4039 τὸ
3533 3986 3667 4041 αὐτὸ
3701 3987 3958 4058 Πνεῦμα,

2370 4076 2444 4141 ὡς
2466 4077 2622 4147 ἔφην,
2671 4075 2887 4148 ἔχοντος
2936 4077 3167 4131 ἑκάστου
3209 4076 3601 4146 ὲνεργοὺμενον
3652 4076 3716 4130 τὺ
3752 4079 3958 4131 οἰκεῖον

2370 4169 2641 4240 χάρισμα.
2687 4169 2877 4223 Πᾶσαν
2924 4168 3035 4239 γὰρ
3079 4167 3299 4239 ἐντολῆς
3353 4168 3466 4235 ῑξιν
3521 4169 3953 4241 ἐνεργουμένην,

2369 4256 2685 4329 Ιινεὺματος
2711 4252 2851 4311 εἶναι
2875 4258 3121 4329 χάρισμα
3151 4256 3318 4327 λέγει.

2441 4442 2551 4507 tm'.
2579 4437 2654 4490 Τὸ
2678 4435 2774 4489 τοῦ
2803 4434 3009 4507 Κυρίου
3038 4434 3324 4507 βάπτισμά
3369 4437 3540 4506 ἐστιν,
3594 4440 3627 4511 η
3670 4444 3954 4513 παντελὴς

695 4515 962 4571 mundum
1002 4515 1152 4569 hunc
1189 4514 1444 4570 sensibus
1486 4513 1765 4585 objectum
1793 4530 1861 4570 ex
1895 4524 2009 4571 toto
2049 4518 2261 4573 exstin-

2381 4532 2514 4602 πρὸς
2540 4529 2632 4583 τὸν
2664 4527 2919 4599 αἰσθητὸν
2948 4527 3153 4597 κόσμον
3202 4527 3302 4597 τῆς
3354 4529 3735 4599 προαιρέσεως
3788 4535 3951 4604 ἡμᾶν

690 4609 804 4665 ctio
835 4626 848 4662 :
881 4608 1022 4664 calix
1043 4622 1200 4672 vero,
1237 4607 1414 4678 ipsius
1430 4622 1652 4678 quoque
1677 4609 1966 4679 praesentis
1995 4609 2121 4666 vitae
2165 4628 2265 4668 no-

688 4707 816 4755 stra:
844 4697 1094 4754 veritatis
1123 4712 1287 4754 causa
1308 4696 1603 4753 abdicatio.

763 4790 853 4846 99.
906 4789 1125 4844 Domini
1171 4774 1462 4858 baptisma,
1525 4789 1777 4845 laborum
1824 4791 2046 4847 virtutis
2094 4808 2259 4850 causa

684 4894 884 4958 sponte
928 4881 1096 4937 animi
1142 4882 1428 4953 proposito
1480 4890 1885 4952 susceptorum,
1927 4882 2099 4956 ﬁgura
2142 4894 2253 4953 est;

682 4992 921 5049 quorum
949 4989 1053 5045 ope
1082 4972 1272 5030 dilutis
1302 4971 1654 5027 conscientiae
1694 4973 1972 5039 sordibus,
2023 4985 2250 5045 sponta-

680 5088 840 5129 neam
866 5084 997 5139 erga
1024 5082 1113 5122 res
1135 5066 1312 5121 oculis
1334 5065 1607 5137 subiectas
1637 5075 1868 5121 mortem
1885 5067 2246 5138 suscipimus:

678 5167 822 5222 calix
850 5180 1001 5228 vero,
1027 5179 1218 5220 earum
1258 5175 1381 5230 qua
1420 5159 1655 5216 adverso
1689 5160 1873 5230 aliquo
1911 5176 2042 5219 casu
2079 5163 2248 5221 invita

677 5258 981 5320 voluntate,
1036 5254 1287 5312 veritatis
1341 5266 1509 5308 causa
1565 5251 1900 5308 tentationes
1956 5264 2244 5327 appetunt,

672 5363 867 5422 typum
908 5347 1163 5418 pmfert;
1205 5361 1303 5417 per
1327 5361 1486 5416 quas,
1520 5345 1624 5416 ipsi
1672 5361 1894 5418 quoque
1937 5350 2064 5406 vitae
2098 5351 2241 5407 divi-

746 5463 788 5494 "
815 5462 834 5516 l
860 5461 988 5518 Cor.
1016 5478 1111 5526 ιιι,
1138 5462 1192 5517 4.
1267 5462 1313 5495 ³⁸
1347 5460 1481 5516 ibid.
1515 5460 1667 5516 8-l2.

739 5580 763 5605 α
786 5581 871 5637 Ad
896 5580 1050 5637 Thai.
1079 5596 1135 5651 q.
1169 5579 1257 5636 29.

741 5701 817 5775 (ε)
867 5697 987 5752 Τῶν
1012 5697 1081 5751 ἐκ
1106 5694 1506 5775 περιοίζςίετεως
1531 5696 2021 5775 ἑπαξςσταμένῳν
2048 5699 2228 5775 ἀχρυ-

2367 4623 2667 4692 νέκρωσιςο
2718 4618 2779 4671 τδ
2829 4618 2887 4671 δὲ
2935 4618 3215 4688 ποτήριον,
3272 4617 3370 4670 καὶ
3416 4617 3589 4688 αὐτῆς
3630 4621 3795 4691 ἡμῶν
3848 4628 3947 4689 τῆς

2362 4712 2644 4783 παρούσης
2675 4710 2821 4781 ζωῆς
2850 4709 2990 4780 ὑπὲρ
3022 4707 3282 4780 ἀληθείας
3315 4709 3655 4782 καθέστηκεν
3686 4713 3941 4785 ἄρνησις.

2427 4803 2533 4870 LLO'.
2565 4801 2640 4855 Τὸ
2672 4800 2765 4855 τοῦ
2793 4800 2999 4868 Κυρίου
3033 4798 3336 4871 βάπτισμα,
3380 4799 3489 4855 τῶν
3538 4800 3680 4874 ὑπὲρ
3734 4806 3942 4877 ἀρετῆς

2355 4893 2498 4949 κατὰ
2524 4893 2781 4964 πρόθεσιν
2806 4892 3069 4945 ἑκουσίων
3102 4890 3197 4945 καὶ
3225 4890 3510 4963 ἡμετέρων
3535 4892 3741 4958 πόνων,
3766 4894 3942 4959 τύπος

2356 4984 2592 5054 ὑπάρχει
2623 4999 2637 5014 ο
2667 4981 2735 5035 δι’
2765 4974 2840 5035 ὧν
2861 4983 2956 5045 τὰς
2988 4979 3132 5035 κατὰ
3156 4980 3463 5052 συνείδησιν
3481 4983 3935 5054 ἀπορῥὺπτοντες

2355 5078 2599 5148 κηλῖδας,
2651 5077 2742 5130 τὸν
2790 5076 2925 5146 πρὸς
2952 5075 3020 5129 τὰ
3053 5074 3353 5146 φαινόμενα
3395 5075 3495 5146 τῆς
3549 5078 3935 5147 προαιρέσεως

2353 5170 2600 5225 ἑκούσιον
2647 5168 3055 5241 καταδεχόμεθα
3098 5167 3329 5222 θάνατον
3361 5183 3377 5199 ο
3422 5168 3485 5222 τὸ
3532 5167 3590 5223 δὲ
3644 5171 3934 5244 ποτήριον,

2350 5265 2460 5319 τῶν
2503 5266 2569 5318 ὲκ
2603 5264 2977 5332 περιστάσεως
3005 5261 3156 5333 παρὰ
3196 5261 3516 5334 προαίρεσιν
3553 5262 3932 5334 ἐπανισταμέ-

2351 5373 2457 5410 νων
2493 5356 2625 5425 ἡμῖν
2645 5354 2786 5423 ὑπὲρ
2809 5353 2907 5423 τῆς
2931 5351 3189 5423 ἀληθείας
3209 5351 3481 5407 ἀκουσίων
3501 5351 3835 5424 πειρασμῶν
3850 5354 3929 5425 (ι)

2335 5701 2718 5773 περιστατικδν
2741 5699 2839 5786 τῇς
2863 5698 3074 5780 φύσεως
3092 5698 3340 5786 θάνατον,
3367 5700 3801 5786 εἱνεμηιειμηιεηι
3827 5721 3924 5758 na-

664 5765 818 5829 σιὼύ
860 5766 1221 5836 πειρασμῶν.
1268 5765 1416 5820 Nihil
1468 5765 1607 5838 bene
1641 5765 1839 5834 Picus,
1873 5770 2077 5824 ratione
2118 5772 2227 5825 cir-

2381 5765 2470 5826 ifa:
2500 5782 2738 5825 mortem.
2776 5765 2885 5823 Est
2919 5768 3066 5823 enim
3115 5769 3431 5838 περίστασις
3473 5770 3581 5825 hoc
3615 5771 3758 5831 loco.
3807 5790 3920 5829 non

663 5839 1140 5903 cuntstantiarum;
1175 5844 1235 5891 ut
1282 5844 1341 5890 et
1369 5836 1517 5905 quod
1597 5837 1780 5892 statim
1829 5841 2101 5910 sequitur,
2135 5842 2226 5895 τὸν
2335 5838 2865 5904 circumstantia,sed
2892 5838 3037 5908 quod
3070 5836 3514 5910 Hesicanarin.
3538 5851 3595 5896 et
3621 5842 3717 5896 alii
3739 5845 3918 5908 expli-
