4192 6436
212 378 351 445 1221

913 385 1247 446 CAPITUM
1285 385 1706 459 QUINQUIES
1742 378 2260 451 CENTENORUM
2297 390 2681 453 CENTUItlA
2724 394 2808 455 II.

3327 393 3466 466 1292

200 499 381 562 τύπος
430 496 592 551 ἐστί’
644 495 713 550 δι’
767 486 843 549 ὧν
883 498 979 550 καὶ
1035 499 1209 567 αὐτῆς
1259 500 1645 570 προκρίνοντες
1698 502 1775 555 rbi

1893 516 2024 555 nam
2069 518 2313 558 amorem
2375 507 2756 573 przeferentes,
2810 512 3008 576 sponte
3056 506 3111 561 in
3157 506 3286 565 vitae
3332 512 3461 565 mali

206 591 357 643 θεῖον
404 590 567 643 πόθον
612 590 712 659 τῆς
749 589 985 659 φύσεως,
1027 590 1244 652 ἑκόντες
1282 590 1372 642 τὸν
1405 593 1787 661 περιστατικὸν

204 678 563 748 ὑπερχόμεθα
598 679 695 749 τῆς
729 677 942 747 φύσεως
973 676 1219 733 θάνατον.

286 774 355 839 ρ’.
392 768 609 839 Ταύτην
634 769 746 837 ἔχει
772 768 869 838 τὴν
894 768 1154 839 διαφορὰν
1202 768 1263 821 τὸ
1320 768 1600 839 βάπτισμα
1650 771 1782 841 πρὸς

204 860 272 912 τὸ
327 862 624 929 ποτήριον·
666 862 746 913 ὅτι
796 860 857 912 τὸ
910 859 1008 930 μὲν
1045 860 1347 930 βάπτισμα,
1392 861 1532 931 ὑπὲρ
1581 863 1782 932 ἀρετῆς

207 952 349 1023 πρά
378 954 445 1005 τὰ
479 954 610 1023 ἡδέα
640 952 734 1005 τοῦ
769 952 884 1021 βίου
912 952 1113 1022 νεκρὰν
1145 950 1439 1022 ἐργάζεται
1471 952 1568 1023 τὴν
1593 954 1783 1024 προαί-

209 1062 365 1112 ρεσιν
396 1060 409 1074 ·
450 1048 509 1098 τὺ
573 1046 631 1098 δὲ
686 1046 975 1116 ποτήριον,
1024 1046 1123 1115 τὴν
1168 1046 1424 1114 ἀλήθειαν
1469 1048 1563 1101 καὶ
1616 1047 1784 1116 αὐτῆς

213 1137 524 1207 προκρίνειν
554 1139 729 1189 πεί’.ει
760 1138 857 1207 τῆς
884 1137 1098 1207 φύσεως
1122 1138 1244 1201 τοὺς
1275 1138 1538 1201 εὐσεϐεῖς.

578 1364 723 1415 ΕΚᾹ
736 1365 1015 1417 ΤΟΝΤΑΣ
1042 1366 1396 1419 ΔΕΥΤΕΡΑ.

280 1474 352 1530 α’.
388 1475 661 1546 Πρότερον
695 1475 787 1527 τοῦ
824 1476 1195 1547 βαπτίσματος
1223 1479 1375 1533 ἔθετο
1404 1479 1463 1532 τὸ
1506 1482 1780 1552 ποτήριον,

198 1572 287 1623 ὅτι
324 1568 412 1620 διὰ
442 1568 540 1637 τὴν
566 1568 825 1637 ἀλήθειάν
864 1570 1011 1622 ἐστιν
1040 1572 1074 1638 ή
1110 1571 1302 1641 ἀρετὴ,
1342 1572 1454 1624 ἀλλ’
1478 1573 1539 1625 ού
1569 1573 1654 1626 διὰ
1686 1574 1781 1641 τὴν

197 1659 408 1731 ἀρετὴν
445 1658 749 1729 ήὰλήθεια.
787 1660 953 1711 Ὅθεν
1003 1662 1031 1714 ὁ
1070 1661 1156 1714 διὰ
1194 1662 1292 1733 τὴν
1325 1662 1580 1732 ἀλήθειαν
1611 1663 1783 1733 πράτ-

1893 596 2248 665 adversisque
2279 596 2513 667 positam
2543 605 2752 653 natura:
2775 608 3006 654 mortem
3035 599 3389 659 sustinemus.

1965 774 2084 827 lOO.
2115 776 2391 844 Baptisma
2421 778 2566 831 inter
2605 785 2661 831 ct
2702 779 2925 833 calicem
2960 780 3065 835 hoc
3095 780 3281 847 refert,
3314 782 3463 851 quod

1891 864 2180 934 baptisma,
2214 867 2434 920 virtutis
2457 883 2643 933 causa,
2680 867 2747 921 ad
2781 869 3131 923 delectabilia
3169 870 3296 925 vitae
3312 872 3465 940 quod

1890 958 2106 1022 attinet,
2144 960 2482 1013 voluntatem
2526 971 2833 1015 emortuam
2880 962 3099 1015 reddit:
3138 964 3279 1016 calix
3309 979 3463 1028 vero,

1892 1058 1949 1102 ut
1975 1050 2069 1101 Dei
2102 1050 2353 1103 cultores
2376 1051 2473 1120 ipsi
2503 1068 2725 1122 quoque
2756 1063 2970 1108 naturae
3003 1054 3292 1109 veritatem
3324 1070 3463 1123 prte-

1890 1142 2089 1209 l'erant,
2129 1151 2322 1197 auctor
2348 1145 2580 1215 exsistit.

2281 1373 2603 1429 CENTENA
2615 1376 2777 1432 RIUS
2826 1377 3071 1433 ALTER.

1961 1489 2011 1542 1.
2044 1488 2287 1543 Priorem
2332 1490 2660 1558 baptismate
2710 1490 2938 1544 calicem
2988 1491 3174 1561 posuit
3218 1491 3284 1557 ⁸⁹,
3316 1494 3463 1561 quod

1887 1580 2151 1633 nimirum
2183 1582 2362 1635 virtus
2393 1592 2615 1650 propter
2648 1580 2960 1646 veritatem,
2996 1593 3052 1638 at
3087 1600 3196 1638 non
3241 1595 3465 1655 propter

1886 1672 2149 1727 virtutem
2202 1673 2407 1726 veritas
2468 1674 2560 1727 sit.
2617 1673 2719 1738 Qui
2777 1675 2943 1743 igitur
2994 1677 3244 1732 veritatis
3295 1692 3464 1733 causa

197 1771 316 1806 των
339 1754 437 1823 τὴν
459 1753 683 1823 ἀρετὴν,
710 1751 1017 1816 κενοδοξίας
1042 1753 1103 1805 ού
1128 1755 1494 1826 τιτρώσκεται
1528 1756 1736 1824 βέλεσιν
1762 1772 1775 1786 ·

1882 1765 2089 1820 virtute
2119 1765 2391 1834 fungitur,
2427 1764 2612 1817 inanis
2648 1764 2834 1833 gloria:
2870 1766 3073 1835 jaculis
3118 1783 3227 1821 non
3265 1770 3465 1823 vulne-

195 1846 229 1896 ὸ
248 1843 311 1897 δὲ
332 1844 430 1914 τὴν
454 1843 710 1913 ἀλήθειαν
732 1843 936 1913 ἀρετῆς
966 1843 1152 1897 ἕνεκεν
1186 1846 1541 1917 ἐπιτηδεύων,
1598 1845 1777 1899 σύνοι-

200 1955 300 1990 κον
333 1935 445 2006 ἔχει
464 1936 562 2006 τῆς
585 1934 890 2000 κενοδοξίας
912 1937 1012 2007 τὴν
1038 1936 1235 2008 οἴησιν.

275 2134 342 2204 β’.
396 2130 686 2205 Ἀλήθειαν
724 2131 823 2198 μὲν
864 2129 1002 2188 εἶναι
1030 2134 1200 2201 λέγει,
1233 2132 1310 2205 (y)
1337 2133 1436 2204 τὴν
1461 2132 1609 2187 θείαν
1640 2133 1779 2201 γνῶ-

198 2243 290 2279 σιν
320 2240 335 2253 θ
374 2226 577 2297 ἀρετὴν
606 2226 684 2291 δὲ,
726 2227 850 2289 τοὺς
885 2226 1026 2295 ὑπὲρ
1052 2225 1308 2295 ἀληθείας
1339 2227 1445 2279 τῶν
1477 2225 1778 2294 ἐφιεμένων

193 2319 373 2389 αὐτῆς
425 2320 662 2386 ἀγῶνας.
711 2318 771 2372 '0
811 2319 990 2372 τοίνυν
1028 2319 1282 2386 γνώσεως
1322 2319 1530 2381 ἕνεκεν,
1574 2319 1778 2391 ἀρετῆς

191 2410 492 2477 ὑπομένων
531 2410 744 2477 πόνους,
780 2412 842 2463 ού
877 2411 1160 2476 κενοδοξεῖ,
1189 2411 1474 2479 γινώσκων
1505 2412 1778 2482 ἀπερίλη-

198 2518 334 2554 πτον
380 2496 521 2554 εἶναι
573 2502 732 2569 φύσει
768 2505 885 2561 τοῖς
944 2502 1127 2563 πόνοις
1167 2500 1266 2569 τὴν
1323 2501 1619 2571 ἀλήθειαν⁹
1665 2505 1779 2565 τοῖς

190 2593 476 2664 δευτέροις
526 2593 632 2663 γὰρ
688 2594 749 2645 ού
786 2592 1191 2662 περιγράφεται
1226 2592 1385 2660 φύσει
1429 2593 1487 2644 τὸ
1537 2592 1771 2662 πρῶτον.

202 2685 271 2738 '0
300 2685 358 2738 δὲ
392 2685 492 2755 τὴν
520 2685 723 2749 γνῶσιν
754 2685 843 2738 διὰ
870 2686 995 2747 τοὺς
1027 2685 1164 2756 ὑπὲρ
1196 2685 1365 2753 αὐτῆς
1402 2684 1619 2751 ἀγῶνας
1655 2686 1773 2737 ἐπι-

190 2776 463 2850 τηδεύων,
499 2778 717 2841 πάντως
746 2778 1019 2843 κενόδοξος
1044 2778 1117 2840 ὡς
1142 2777 1422 2847 εἰληφέναι
1446 2777 1617 2830 δοκῶν
1653 2778 1777 2839 τοὺς

192 2867 501 2935 στεφάνους
536 2868 642 2939 πρὸ
684 2868 793 2921 τῶν
842 2867 1098 2939 ίδρὼτωψ
1129 2868 1227 2922 οὐκ
1251 2867 1405 2930 εἰδὼς
1431 2869 1511 2921 ὅτι
1540 2868 1624 2921 διὰ
1653 2868 1778 2931 τοὺς

193 2957 500 3027 στεφάνους
530 2960 579 3011 οί
618 2960 789 3025 πόνοι,
822 2959 937 3012 ἀλλ’
966 2958 1025 3010 οὐ
1067 2957 1155 3011 διὰ
1184 2961 1311 3021 τοὺς
1348 2959 1542 3022 πόνους
1568 2961 1616 3011 οί
1654 2960 1774 3012 στέ-

196 3064 364 3117 φανοι
387 3066 400 3080 ·
437 3049 723 3121 φύσειγὰρ
758 3050 1091 3121 ἀμελέτητος
1133 3052 1280 3103 πᾶσα
1316 3049 1618 3119 καθέστηκε
1650 3050 1776 3119 μέθ-

1889 1864 2044 1907 ratur
2079 1871 2091 1906 :
2131 1855 2223 1922 qui
2266 1863 2449 1908 autem
2492 1854 2716 1908 virtutis
2760 1870 2925 1909 causa
2971 1857 3258 1911 veritatem
3308 1859 3469 1923 colit,

1887 1945 2069 2001 inanis
2101 1945 2286 2016 gloria:
2323 1946 2778 1999 contubernalem
2823 1945 2993 1999 animi
3022 1948 3318 2005 elationem
3360 1951 3463 2005 ba-

1885 2039 1977 2093 bet
2008 2040 2201 2108 suiqu‘e
2224 2055 2418 2093 vanam
2448 2038 2933 2093 existimationem.

1953 2131 2006 2184 2.
2044 2131 2345 2185 Veritatem
2394 2130 2637 2199 quidem,
2687 2130 2930 2185 divinam
2970 2132 3257 2187 scientiam
3303 2133 3464 2204 535

1884 2239 2004 2279 esse
2054 2224 2188 2277 dicit
2240 2241 2252 2275 :
2306 2224 2570 2275 virtutem
2617 2238 2780 2285 vero,
2834 2238 3024 2277 eorum
3080 2240 3179 2293 pro
3229 2225 3464 2280 veritate

1885 2308 2207 2373 certamina,
2240 2312 2335 2382 qui
2378 2313 2502 2381 ejus
2532 2311 2811 2366 desiderio
2839 2321 3119 2367 tenentur.
3152 2313 3255 2381 Qui
3296 2314 3465 2385 igitur

1885 2405 2131 2460 scientia:
2162 2420 2327 2458 causa
2368 2404 2587 2457 virtutis
2628 2403 2851 2457 labores
2882 2405 3139 2469 sustinet,
3174 2420 3285 2459 non
3313 2406 3466 2461 labo-

1884 2507 1967 2551 rat
1998 2497 2145 2551 inani
2170 2495 2367 2566 gloria,
2397 2495 2490 2563 qui
2525 2505 2723 2549 natura
2739 2495 3141 2563 comprehendi
3169 2511 3279 2549 non
3302 2512 3463 2565 posse
3508 2503 3522 2521 ‘

1881 2589 2173 2644 veritatem
2218 2587 2501 2641 laboribus
2549 2587 2707 2641 sciat.
2739 2586 2899 2653 Quod
2932 2587 3079 2641 enim
3125 2598 3322 2641 natura
3348 2588 3468 2658 pri-

1885 2696 2032 2735 mum
2066 2689 2172 2742 est,
2205 2679 2293 2733 his
2337 2695 2459 2748 quas
2494 2679 2735 2732 secunda
2783 2688 2933 2742 sunt,
2965 2692 3075 2732 non
3108 2678 3463 2734 circumscri-
3554 2687 3559 2691 '

1883 2773 2052 2826 bitur.
2083 2770 2185 2837 Qui
2219 2786 2348 2825 vero
2380 2771 2670 2824 scientiam
2710 2771 2781 2825 ob
2811 2770 3031 2824 labores
3053 2786 3154 2839 pro
3182 2785 3246 2824 ea
3272 2780 3465 2825 exant-
3536 2776 3537 2779 “

1882 2864 2074 2918 landos
2108 2873 2372 2929 sectatur,
2417 2863 2643 2917 omnino
2670 2863 2846 2918 inanis
2875 2862 3060 2934 gloriae
3087 2862 3461 2917 morbo‘tenc-

1884 2968 1992 3022 tur,
2023 2957 2117 3027 qui
2148 2967 2275 3010 ante
2318 2955 2573 3021 sudores,
2609 2964 2831 3009 nactum
2863 2972 2921 3010 se
2950 2972 3185 3011 coronas
3221 2954 3466 3010 arbitre-

1884 3061 1973 3106 tur
2008 3069 2021 3103 :
2066 3065 2264 3118 nempe
2311 3050 2573 3118 ignorans
2610 3064 2731 3103 esse
2781 3049 3020 3113 labores,
3049 3057 3111 3101 ut
3148 3045 3464 3116 assequaris

196 3139 339 3203 οδος.
382 3139 474 3193 τοῦ
512 3140 579 3194 δι’
642 3140 671 3194 ὃ
698 3142 940 3211 πέφυκεν
969 3141 1373 3207 ἐξανυσθέντος,
1406 3141 1439 3211 ἢ
1474 3141 1772 3211 ἀνυσθῆναι

1880 3159 2140 3207 coronas;
2169 3154 2224 3196 at
2254 3158 2361 3195 non
2388 3141 2461 3194 ita
2492 3131 2723 3222 cor'dnas
2744 3149 2974 3210 propter
2997 3141 3238 3196 labores.
3270 3137 3463 3195 Cessat

194 3233 466 3300 δόξαντος.

1876 3234 2024 3288 enim
2068 3241 2260 3301 squte
2287 3232 2448 3301 genio
2476 3231 2657 3286 omnis
2686 3231 2981 3286 methodus
3017 3232 3261 3301 artisque
3295 3231 3460 3300 ratio,

195 3341 268 3383 eo
317 3336 547 3397 peracto
583 3328 739 3398 cujus
784 3327 955 3396 gratia
994 3335 1135 3393 erat,
1179 3335 1275 3381 aut
1314 3326 1460 3395 quod
1497 3337 1780 3395 peractum
1810 3340 1930 3380 esse
1961 3326 2328 3378 existimetur.

269 3425 340 3487 γ’.
386 3420 443 3472 Ὀ
489 3419 654 3489 μόνην
712 3418 811 3488 τῆς
864 3416 1115 3487 γνώσεως
1183 3419 1282 3487 τὴν
1333 3420 1566 3488 μορφὴν,
1636 3418 1772 3488 ὅπερ

196 3508 350 3561 ἐστὶν
391 3509 420 3561 ὁ
465 3507 619 3577 ψιλὸς
662 3508 815 3577 λόγος
847 3525 863 3540 ⁸
896 3510 988 3561 καί
1014 3510 1042 3561 ὁ
1085 3508 1183 3579 τὴν
1209 3508 1395 3560 είκόνα
1417 3508 1517 3576 τῆς
1548 3509 1769 3577 ἀρετῆς,

1937 3417 1990 3471 5.
2032 3416 2135 3480 Qui
2183 3415 2355 3469 solam
2416 3414 2664 3469 scientia:
2703 3413 2940 3468 formam
2981 3422 3251 3479 sectatur,
3307 3414 3457 3484 quod

1867 3515 1954 3563 est
2004 3508 2191 3561 nudus
2246 3522 2466 3571 sermo;
2522 3521 2586 3560 ac
2646 3507 2902 3561 veritatis
2957 3506 3272 3577 imaginem,
3330 3522 3457 3576 qua:

197 3601 337 3669 ὅπερ
371 3599 486 3652 ἐστὶ
510 3599 572 3651 τὸ
604 3599 756 3669 ψιλὸν
781 3595 933 3671 ἦθος,
963 3598 1316 3668 ἐπιτηδεύων,
1362 3599 1612 3662 Ἰουδαῖός
1658 3601 1773 3652 ἐστι

1880 3610 1955 3655 est
2004 3600 2235 3668 simplex
2277 3614 2494 3652 morum
2539 3599 2814 3663 honestas,
2883 3601 3003 3667 ipse
3043 3611 3264 3667 quoque
3311 3598 3459 3649 veri-

198 3694 298 3744 καὶ
318 3691 503 3755 αὐτὸς,
534 3690 592 3745 ἀ)
604 3691 791 3759 ηθείας
815 3690 1005 3753 τύποις
1037 3690 1414 3760 φυσιούμενος.

270 3865 335 3919 δ’.
389 3866 447 3918 '0
473 3866 653 3918 πᾶσαν
678 3864 774 3934 τὴν
825 3864 1155 3934 φαινομένην
1178 3862 1271 3915 τοῦ
1327 3864 1490 3934 νόμου
1518 3862 1776 3935 λατρείαν

204 3958 281 4029 μὴ
343 3956 462 4010 κατ’
494 3956 743 4025 αἴσθησιν
774 3955 934 4026 ὁρῶν,
969 3955 1104 4009 ἀλλὰ
1154 3957 1273 4018 ταῖς
1333 3955 1473 4007 κατὰ
1519 3955 1645 4008 νοῦν
1679 3957 1775 4022 ἐφη

198 4050 340 4112 ὁδοις
360 4048 589 4101 ἕκαστον
614 4048 720 4100 τῶν
738 4048 1030 4118 ὁρωμένων
1058 4047 1339 4116 συμϐόλων
1370 4046 1765 4116 διασκοπήσας,

199 4142 295 4194 τὸν
335 4144 393 4193 ὲν
439 4141 653 4211 ἑκάστῳ
692 4140 1074 4210 κεκρυμμένον
1129 4138 1349 4207 θεοτελῆ
1409 4140 1578 4207 Λόγον
1626 4137 1771 4190 ἐκδι-

198 4232 555 4302 δασκόμενος,
604 4233 663 4284 ὲν
692 4231 769 4301 τῷ
797 4232 946 4301 νόμῳ
973 4231 1062 4283 τὸν
1093 4228 1226 4282 Θεὸν
1282 4228 1552 4299 εὑρίσκει,
1594 4228 1773 4289 καλῶς

198 4323 466 4395 ψηλαφῶν
487 4324 573 4376 διὰ
595 4322 695 4392 τῆς
724 4324 916 4393 νοερᾶς
943 4322 1243 4393 δυνάμεως,
1301 4321 1376 4384 ὡς
1431 4322 1488 4373 ὲν
1532 4319 1771 4391 φορυτῷ,

195 4418 268 4487 τῇ
302 4414 401 4485 ὕλῃ
436 4414 544 4468 τῶν
566 4414 806 4485 νομικῶν
842 4413 1157 4478 διατάξεων,
1187 4414 1364 4465 εἵπου
1391 4413 1773 4484 κεκρυμμένον

1870 3694 2001 3748 tatis
2051 3691 2240 3760 ﬁguris
2287 3690 2472 3744 animo
2519 3700 2760 3755 tumens,
2815 3689 3033 3759 sibique
3085 3688 3329 3759 placens,
3354 3687 3455 3742 ιυο

1878 3785 2029 3839 dieus
2067 3782 2303 3837 exsistit.

1945 3876 1999 3929 4.
2039 3875 2142 3941 Qui
2174 3873 2529 3943 conspicuum
2562 3888 2777 3927 omnem
2807 3870 3037 3941 legalem
3078 3870 3306 3935 cultum,
3344 3887 3455 3930 non

1874 3984 1941 4022 ex
1976 3984 2171 4022 sensus
2199 3968 2413 4021 ratione
2442 3958 2634 4031 videt;
2672 3965 2767 4020 sed
2814 3964 3016 4019 mentis
3046 3964 3456 4021 intentionibus
3513 4027 3519 4037 ,

1872 4061 2109 4114 visibilia
2162 4075 2393 4129 quzeque
2457 4057 2702 4128 symbola
2755 4058 3089 4129 considerat,
3134 4057 3229 4127 qui
3282 4058 3336 4112 in
3371 4059 3454 4113 eis

1874 4150 2108 4220 singulis
2159 4151 2437 4203 occultum
2478 4148 2589 4203 Deo
2631 4148 2935 4218 perfectum
2973 4148 3213 4202 Verbum
3250 4148 3451 4204 docea-

1876 4251 1986 4303 tur,
2024 4241 2192 4293 Deum
2218 4240 2270 4293 in
2297 4241 2415 4309 lege
2439 4238 2681 4305 invenit;
2709 4239 2936 4310 pulchre
2961 4238 3163 4293 mentis
3199 4239 3452 4295 facultate

1875 4333 2119 4402 palpans.
2170 4348 2301 4386 num
2338 4348 2589 4401 usquam,
2641 4347 2741 4386 ceu
2777 4331 2830 4385 in
2884 4331 3140 4401 congerie
3174 4331 3451 4401 (legalium

1874 4423 2087 4476 scilicet
2158 4423 2617 4476 constitutionum
2688 4420 2939 4487 materia)
2984 4420 3040 4474 in
3100 4422 3235 4491 legis
3284 4436 3452 4475 carne

193 4508 351 4579 εὖροι
374 4509 439 4577 τῇ
468 4508 631 4577 σαρκὶ
660 4507 753 4559 τοῦ
788 4507 975 4576 νόμου,
1015 4506 1106 4558 τὸν
1145 4507 1242 4576 τὴν
1272 4506 1521 4577 αἴσθησιν
1552 4504 1772 4574 διαφεύ-

1880 4513 2122 4566 abditum
2172 4514 2414 4567 nancisci
2462 4524 2646 4582 queat,
2686 4516 2780 4582 qui
2835 4529 3031 4568 sensus
3079 4513 3189 4567 vim
3233 4514 3454 4583 penitus

193 4613 367 4668 γοντα
396 4596 670 4658 παντελῶς
694 4598 1037 4668 μαργαρίτην
1066 4598 1255 4665 Λόγον.

270 4695 331 4743 ε’.
360 4688 471 4742 Καὶ
497 4691 525 4743 ὁ
548 4688 645 4761 τὴν
675 4690 835 4760 φύσιν
863 4691 918 4743 δὲ
943 4691 1051 4743 τῶν
1072 4690 1366 4761 ὁρωμένων
1398 4690 1555 4763 μὴτῇ
1582 4692 1771 4762 αἰσθήο

194 4798 284 4835 σει
340 4780 476 4853 μόνῃ
511 4782 893 4855 περιγράφων,
934 4784 1069 4837 ἀλλὰ
1123 4784 1260 4837 κατὰ
1289 4783 1413 4837 νοῦν
1462 4785 1642 4852 σοφῶς
1678 4785 1769 4838 τὸν

271 4937 312 4970 ³³
346 4940 512 4998 Marc.
546 4958 600 5008 x,
632 4942 718 4997 58.

195 5082 351 5142 cant,
391 5074 591 5145 θλίψις,
647 5075 896 5145 ἀνάγκη,
932 5074 1180 5145 μέριμνα
1210 5091 1224 5105 ·
1274 5073 1421 5143 quod
1471 5081 1527 5127 et
1576 5071 1774 5141 sepius

195 5148 452 5202 redditur
507 5149 600 5201 illa
640 5162 778 5209 vox,
839 5145 1090 5209 Aﬁh’ctio.
1156 5145 1455 5206 necessitas,
1510 5159 1772 5207 a‘rumna,

193 5218 417 5298 amictus
441 5233 618 5298 rerum
642 5232 813 5297 casas.
848 5213 973 5269 Haec
998 5216 1145 5267 enim
1174 5225 1322 5298 sunt,
1341 5229 1461 5283 quae
1484 5213 1776 5294 illum_eﬂi-

194 5284 357 5342 ciunt
381 5288 631 5350 calicem,
653 5287 747 5354 qui
778 5301 886 5339 non
908 5294 1098 5339 nostra
1132 5285 1417 5338 voluntate
1450 5284 1772 5354 assumitur,

193 5357 298 5413 sed
316 5358 563 5411 exterius
584 5352 695 5410 Deo
715 5365 959 5420 auctore,
976 5356 1062 5410 vel
1086 5356 1301 5417 saltem,
1317 5369 1384 5408 eo
1398 5352 1772 5424 permittente,

196 5427 536 5483 adhibetur:
573 5428 933 5497 quemipsum
969 5435 1147 5481 tamen
1169 5426 1416 5497 oblatum
1452 5432 1645 5493 sponte
1680 5438 1775 5477 ac-

197 5507 423 5567 ceptare
443 5496 727 5560 debemus,
748 5498 914 5566 inque
947 5512 1074 5552 eum
1090 5496 1337 5559 modum,
1358 5496 1451 5548 τὸν
1465 5511 1778 5567 περιστατι-

198 5564 298 5620 κὸν
332 5567 546 5639 φύσεως
598 5564 838 5622 θάνατον
857 5567 1188 5639 ὑπέρχεσθαι
1223 5584 1236 5619 :
1272 5575 1503 5639 mortem
1537 5564 1771 5639 Scilicet,

200 5652 314 5706 qua
344 5635 427 5693 Sic
468 5639 628 5693 malis
663 5648 826 5707 atque
872 5635 1135 5694 aerumnis
1169 5646 1379 5692 natura:
1412 5635 1526 5689 vita
1559 5636 1773 5689 exstin-

200 5718 421 5781 guatur,
462 5709 556 5764 Dei
584 5709 857 5781 desiderio
881 5709 1055 5781 obire.

276 5779 352 5851 (ει)
396 5781 709 5846 Ἀλήθειαν
768 5780 921 5835 εἶναι
964 5780 1147 5848 λέγει.
1202 5778 1323 5833 Non
1372 5793 1480 5833 uno
1522 5778 1646 5833 loco
1692 5778 1772 5831 sic

1878 4604 2036 4674 fugit,
2087 4605 2382 4670 unionem;
2432 4605 2537 4658 hoc
2580 4614 2684 4669 cst,
2738 4605 3005 4661 Verbum.

1948 4696 1999 4749 5.
2043 4695 2183 4761 Quin
2238 4697 2283 4751 is
2324 4711 2543 4767 quoque
2603 4697 2696 4767 qui
2748 4704 3002 4751 naturam
3040 4711 3226 4752 rerum
3277 4696 3455 4751 oculis

1877 4787 2253 4858 subjectarum
2317 4804 2429 4843 non
2482 4789 2601 4844 solo
2661 4788 2855 4843 deﬁnit
2930 4802 3130 4854 sensu;
3183 4786 3279 4843 sed
3331 4802 3455 4858 qua:

1877 5074 2424 5148 loquiturMaximus,
2448 5090 2511 5131 ac
2532 5076 2575 5131 si
2594 5092 2702 5131 non
2725 5078 2843 5148 ejus
2866 5086 3069 5139 essent,
3090 5091 3210 5145 quae
3227 5076 3456 5133 adhibet

1879 5147 2033 5213 quasi
2068 5146 2297 5209 scholia,
2341 5148 2435 5200 ubi
2481 5148 2612 5216 quid
2657 5146 2949 5203 obscurius
2988 5150 3204 5201 locutus
3231 5157 3335 5212 est,
3392 5160 3453 5202 ut

1879 5216 2025 5288 quod
2053 5216 2141 5269 hic
2171 5217 2395 5288 exponit
2430 5218 2745 5286 praecedens
2784 5228 2967 5288 caput.
3003 5218 3082 5272 Eo
3118 5225 3300 5270 autem
3334 5219 3452 5272 col-

1879 5284 2084 5356 lineare
2132 5287 2371 5351 videtur,
2418 5284 2476 5341 ut
2511 5288 2695 5341 divina
2745 5284 3006 5350 scientia,
3061 5288 3174 5356 ipsa
3209 5288 3393 5356 potius
3421 5304 3453 5343 ιι

1879 5355 1989 5408 Deo
2015 5356 2281 5425 speranda
2314 5358 2385 5411 sit
2423 5373 2489 5413 ac
2532 5358 2859 5428 expetenda,
2891 5358 2955 5412 ad
2984 5355 3145 5427 quam
3171 5355 3281 5411 non
3305 5359 3453 5412 sulli-

1878 5440 2005 5479 cere
2038 5436 2256 5481 nostros
2294 5443 2357 5483 ac
2386 5429 2607 5483 virtutis
2641 5429 2860 5483 labores
2897 5428 3316 5491 existimemus;
3356 5436 3452 5481 aut

1887 5511 2125 5568 unquam
2163 5512 2265 5551 nos
2291 5498 2811 5568 comprehendisse;
2843 5499 2990 5568 quod
3026 5499 3252 5568 sentire,
3280 5512 3454 5566 quan-

1883 5566 1974 5640 diu
2004 5568 2057 5621 in
2085 5568 2172 5621 via
2197 5583 2390 5623 sumus
2416 5566 2433 5633 ξ
2462 5572 2688 5640 οἰήσεως
2713 5577 2799 5624 est
2819 5610 2832 5634 ,
2861 5566 3038 5624 'toties
3080 5567 3314 5640 Maximo
3359 5583 3455 5629 ex-

1883 5638 2128 5710 agitatae;
2160 5640 2240 5691 sui
2278 5636 2544 5708 epiniom's
2577 5657 2639 5696 ac
2655 5640 2969 5710 jactantiw;
3002 5638 3173 5694 animi
3192 5636 3303 5694 sibi
3331 5640 3457 5709 pla-

1880 5708 2055 5762 cuntis
2086 5720 2249 5780 atque
2274 5711 2517 5780 superbi.
2656 5708 2665 5710 ἡ
3207 5749 3211 5752 -
