4192 6436
199 375 330 439 1220

875 372 1209 434 CAPITUM
1248 369 1669 444 QUINQUIES
1704 369 2221 430 CENTENORUM
2261 373 2645 435 CENTURIA
2683 373 2767 434 II.

3320 378 3460 445 1230

193 491 345 552 θείας
373 487 586 552 ἐλπίδος
633 486 728 541 καὶ
752 487 1003 542 ἄσειστον
1032 502 1044 514 ³
1079 484 1180 553 τὴν
1202 485 1259 538 δὲ
1304 484 1505 555 πυρὰν,
1535 484 1634 555 τὴν
1659 483 1771 547 ’ἐξιν

1894 485 2014 540 xime
2077 488 2192 556 spei
2240 488 2518 553 habitum;
2591 504 2815 559 rogum,
2873 489 3124 546 scientia:
3168 492 3301 547 item
3363 496 3456 551 ba.

189 582 296 646 τῆς
339 580 627 647 γνώσεωςο
687 577 757 630 τὰ
802 577 859 630 δὲ
889 575 1163 646 φρύγανα,
1203 574 1302 644 τὴν
1329 574 1436 626 τῶν
1484 573 1777 644 ὁρωμένων

191 672 392 738 φύσινο
424 671 490 742 ἢν
524 670 856 740 συνέστρεφε
877 669 974 739 μὲν
991 671 1058 738 τῇ
1085 668 1252 738 χειρὶ,
1280 669 1345 736 τῇ
1369 668 1513 718 κατὰ
1545 666 1778 735 θεωρίαν

189 762 340 829 λέγω
385 761 739 833 ψηλαφητικῇ
771 759 862 812 τοῦ
914 758 1006 813 νοῦ
1043 758 1295 828 δυνάμει,
1338 757 1640 827 διατρέφων
1667 757 1782 822 τοῖς

188 855 253 919 ἐξ
279 854 451 920 αὐτῆς
488 854 724 922 νοήμασι
770 851 869 922 τὴν
906 850 1022 916 ἕξιν
1061 851 1161 919 τῆς
1188 850 1462 917 γνώσεως,
1493 849 1591 917 τὴν
1613 847 1776 918 θερα-

190 945 469 999 πεύουσαν
514 945 615 1015 τὴν
684 946 749 997 ὲκ
801 943 895 996 τοῦ
946 942 1212 1013 χειμῶνος
1275 941 1384 994 τῶν
1451 937 1778 1009 πειρασμῶν

191 1036 624 1106 προστριᾶῖσαν
645 1038 711 1105 τῇ
741 1034 951 1104 διανοίᾳ
981 1034 1316 1106 κατήφειαν·
1341 1031 1438 1101 τὴν
1462 1030 1519 1083 δὲ
1544 1030 1779 1098 ἔχιδναν,

188 1104 296 1197 την
314 1104 1184 1194 λανθανόντωςνὲγκεκρυμμένην
1213 1125 1280 1194 τῇ
1338 1122 1497 1192 φύσει
1538 1122 1645 1173 τῶν
1692 1122 1779 1173 αἰ-

192 1219 416 1289 σθητῶν
443 1219 689 1288 πονηρὰν
709 1217 802 1269 καὶ
845 1216 1088 1286 ὀλέθριον
1118 1213 1347 1283 δύναμιν
1371 1230 1386 1245 ο
1416 1213 1652 1283 δήξασαν
1683 1213 1780 1282 μὲν

189 1312 297 1382 τὴν
321 1315 500 1382 χεῖρα,
556 1308 827 1373 τουτέστι,
874 1309 975 1378 τὴν
1040 1308 1181 1361 κατά
1237 1306 1363 1360 νοῦν
1398 1305 1781 1375 ψηλαφητικὴν

188 1406 299 1473 τῆς
335 1404 569 1474 θεωρίας
613 1404 897 1473 ὲνέργειαν
922 1418 937 1430 ·
979 1401 1039 1453 οὐ
1066 1400 1344 1470 βλάψασαν
1374 1399 1430 1451 δὲ
1459 1400 1550 1450 τὸν
1586 1399 1740 1467 διορα
1761 1425 1781 1435 ο

188 1498 350 1550 τικὺν
381 1497 524 1559 νοῦν,
572 1494 650 1564 τῷ
708 1496 849 1562 φωτὶ
884 1496 986 1557 τῆς
1023 1492 1277 1562 γνώσεως
1326 1491 1492 1561 αὐτὴν
1522 1491 1681 1553 εὐθὺς
1708 1490 1783 1552 ὡς

192 1590 259 1640 ἐν
290 1588 424 1659 πυρὶ
461 1586 875 1657 διαφθείραντα,
925 1587 1026 1655 τὴν
1067 1585 1144 1656 τῷ
1179 1584 1465 1655 πρακτικῷ
1523 1585 1783 1651 κινήματι

190 1680 297 1733 τοῦ
337 1680 452 1745 νοῦ,
483 1680 893 1751 προσαφθεῖσαν
924 1680 987 1730 ὲκ
1018 1678 1118 1747 τῆς
1180 1678 1289 1729 τῶν
1347 1675 1621 1746 αἰσθητῶν
1659 1675 1787 1727 θεω-

197 1772 349 1843 ρίας.
381 1772 501 1825 ὀλέθ
512 1790 625 1844 ριον
665 1771 914 1841 δύναμιν.

1879 575 2094 641 bitum;
2176 586 2483 639 sarmenta.
2558 595 2745 634 rerum
2804 580 3106 635 visibilium
3177 590 3450 653 naturam,

1878 680 2040 733 quam
2086 666 2131 719 is
2156 682 2319 720 manu
2347 667 2604 721 versabat
2635 667 3036 738 (contrectante
3088 671 3301 727 scilicet
3329 687 3459 742 spe-

1878 756 2116 810 culando
2165 760 2364 812 mentis
2412 758 2697 829 facultate)
2753 761 2820 814 ad
2875 761 3133 817 alendum
3179 763 3303 833 ejus
3346 779 3462 819 me-

1878 848 2243 903 ditationibus
2290 850 2578 918 sensisque
2625 849 2871 904 scientiae
2933 850 3217 921 habitum;
3251 868 3364 923 quo
3413 855 3461 908 is

1879 940 2155 995 incussam
2181 956 2248 995 ex
2271 943 2634 995 tentationum
2660 942 2880 997 turbine
2901 943 3086 997 animo
3114 944 3462 999 maestitiam—

1878 1032 2076 1103 quovis
2118 1031 2283 1085 modo
2334 1033 2578 1097 levaret;
2630 1034 2899 1104 viperam,
2933 1036 3248 1091 clanculum
3285 1038 3462 1093 latel-

1882 1131 1991 1179 tem
2038 1124 2093 1178 in
2142 1140 2327 1179 rerum
2373 1128 2661 1202 sensilium
2720 1138 2916 1184 natura
2960 1129 3356 1199 nequissimam
3398 1145 3463 1185 ac

1879 1216 2155 1271 exitialem
2198 1217 2503 1281 virtutem;
2557 1233 2679 1287 qua:
2730 1234 2971 1273 morsum
3016 1219 3245 1289 quidem
3275 1218 3464 1275 manui

1883 1306 2125 1362 inﬁxerit
2185 1309 2579 1380 (contrectanti
2608 1310 2844 1365 scilicet
2894 1312 3230 1379 speculando
3260 1312 3462 1366 mentis

1881 1398 2214 1468 operationi)
2266 1416 2370 1454 nec
2424 1408 2607 1454 tamen
2659 1400 3185 1469 perspicacissimam
3222 1409 3462 1457 mentem

1882 1492 2181 1560 quidquam
2207 1492 2415 1547 laeserit
2452 1510 2465 1546 :
2492 1508 2615 1561 quae
2638 1493 2809 1561 ipsam
2839 1493 3023 1547 statim
3049 1494 3293 1549 scientiae
3320 1495 3463 1553 luce.

1882 1583 2034 1637 velut
2068 1583 2122 1637 in
2162 1583 2306 1653 igne,
2350 1584 2651 1639 merentem
2690 1584 2853 1655 539
2903 1601 2969 1640 ex
3004 1587 3292 1641 sensilium
3339 1602 3461 1656 spe-

1884 1676 2159 1729 culatione
2215 1676 2335 1744 ejus
2370 1678 2541 1730 motui
2589 1677 2863 1732 actionem
2908 1680 3137 1748 regenti,
3189 1680 3465 1734 exitialem

1886 1782 2008 1821 eam
2052 1767 2313 1822 virtutem
2359 1768 2676 1835 peremerit.

277 1829 371 1915 κδ’.
436 1829 610 1932 ὐσμὴ
640 1858 707 1932 ἦν
747 1829 854 1914 ἀπὸ
888 1860 1032 1930 ζωῆς
1077 1862 1155 1923 είς
1185 1857 1332 1928 ζωὴν
1362 1859 1389 1910 ὁ
1440 1856 1777 1919 Ἀπόστολος,

1957 1857 2045 1910 24.
2088 1857 2218 1911 Erat
2254 1829 2551 1926 Apostolus
2572 1858 2710 1912 odor
2745 1873 2773 1912 a
2797 1860 2907 1912 vita
2943 1859 3011 1912 ad
3048 1858 3217 1912 vitam
3257 1859 3323 1922 ⁸⁸,
3357 1861 3461 1911 vel.

193 1953 279 2016 ὡς
306 1955 437 2016 τοὺς
471 1955 704 2015 πιστοὺς
755 1954 833 2022 τῷ
884 1952 1005 2006 καθ’
1038 1950 1233 2005 ἑαυτὸν
1280 1948 1662 2018 ὑποδείγματι,
1696 1948 1784 1999 διὰ

195 2048 459 2117 πράξεως
498 2049 633 2117 πρὸς
678 2048 775 2117 τὴν
808 2047 1038 2100 εὐωδίαν
1088 2045 1199 2098 τῶν
1250 2044 1462 2116 ἀρετῶν
1495 2041 1783 2105 κινεῖσθαι,

195 2140 681 2211 παρασκευάζων·
727 2141 760 2210 ἢ
797 2141 923 2201 τοὺς
971 2138 1329 2209 πειθομένους
1379 2136 1459 2207 τῷ
1500 2135 1642 2204 λόγῳ
1688 2134 1785 2200 τῆς

196 2235 449 2303 χάριτος,
482 2233 557 2295 ὡς
600 2232 776 2303 κήρυξ
808 2232 915 2285 ἀπὸ
942 2236 1040 2303 τῆς
1068 2232 1190 2308 κατ’
1218 2231 1472 2299 αἴσθησιν
1503 2227 1669 2297 ζωῆς,
1708 2228 1786 2289 είς

192 2332 305 2396 τὴν
353 2328 409 2379 ἐν
440 2326 711 2397 πνεύματι
744 2326 999 2396 μετάγων
1029 2324 1198 2393 ζωήν.
1251 2322 1426 2391 Ὀσμὴ
1459 2320 1515 2373 δὲ
1558 2320 1786 2374 θανάτου

195 2422 287 2483 εἰς
320 2420 568 2483 θάνατον,
600 2422 713 2484 τοῖς
748 2420 857 2473 ἀπὸ
890 2417 984 2472 τοῦ
1031 2418 1263 2472 θανάτου
1310 2418 1410 2486 τῆς
1440 2413 1662 2483 ἀγνοίας
1708 2415 1786 2475 εἰς

198 2511 299 2563 τὸν
327 2512 424 2582 τῆς
453 2514 711 2574 ἀπιστίας
734 2511 961 2565 ὲλὰσασι
989 2509 1238 2572 θάνατον,
1274 2507 1455 2571 διδοὺς
1483 2507 1662 2569 αὐτοῖς
1708 2507 1786 2557 αἴ-

201 2604 404 2674 σθησιν
438 2605 535 2673 τῆς
569 2604 838 2675 μενούσης
868 2605 1063 2665 αὐτοὺς
1092 2601 1495 2672 κατακρίσεως.
1529 2600 1597 2652 Ἦ
1628 2599 1788 2653 πάλιν

196 2698 351 2767 ὀσμὴ
377 2697 483 2750 ἀπὸ
508 2695 654 2766 ζωῆς
683 2700 763 2759 είς
790 2695 957 2766 ζωὴν,
989 2697 1102 2757 τοῖς
1128 2694 1238 2748 ἀπὸ
1264 2691 1517 2765 πράξεως
1546 2693 1627 2754 εἰς
1655 2690 1787 2743 θεω-

202 2789 333 2852 ρίαν
354 2789 712 2858 ἀναγομένοις
729 2802 744 2817 ·
770 2785 915 2855 ὀσμὴ
943 2784 1002 2837 δὲ
1033 2784 1261 2838 Θανάτου
1293 2785 1373 2847 είς
1404 2784 1653 2841 θάνατον,
1678 2782 1789 2841 τοῖς

198 2879 317 2933 ἀπὸ
363 2878 456 2931 τοῦ
492 2877 768 2948 νεκρῶσαι
799 2876 874 2949 (b)
921 2878 987 2947 τῇ
1038 2874 1161 2928 καθ’
1202 2873 1478 2944 ἁμαρτίαν
1515 2873 1682 2941 ἀργίᾳ.
1722 2871 1792 2923 τὰ

205 2970 353 3040 μέλη
378 2970 446 3023 τά
477 2971 570 3024 ἐπὶ
598 2971 696 3040 τῆς
730 2968 855 3038 γῆς,
889 2969 969 3029 εἰς
1001 2966 1100 3036 τὴν
1128 2966 1237 3018 τῶν
1278 2964 1542 3035 ὲμπαθῶν
1581 2963 1790 3031 νοημά-

201 3080 320 3115 των
358 3078 415 3114 τε
447 3061 539 3115 καὶ
586 3059 900 3129 φαντασιῶν
950 3056 1351 3129 ἐπαινουμένην
1404 3053 1790 3127 μεταϐαίνονσι

204 3156 503 3226 νέκρωσιν.

284 3425 383 3475 κε’.
423 3418 585 3487 Τρεῖς
628 3418 766 3471 εἰσιν
818 3417 876 3469 αἱ
920 3417 1020 3487 τῆς
1054 3416 1231 3487 ψυχῆς
1270 3414 1559 3485 δυνάμεις,
1616 3416 1794 3483 λόγος,

206 3509 408 3579 θυμὸς,
448 3510 542 3562 καὶ
586 3507 869 3577 ἐπιθυμία.
908 3507 998 3576 Τῷ
1048 3507 1146 3578 μὲν
1175 3507 1343 3577 λόγῳ,
1385 3506 1692 3577 ζητοῦμεν·
1728 3510 1796 3577 τῇ

207 3603 484 3674 ἐπιθυμίᾳ
529 3603 605 3666 δὲ,
663 3600 936 3670 ποθοῦμεν
978 3600 1039 3652 τὸ
1087 3600 1322 3669 ζητηθὲν
1356 3600 1585 3667 ἀγαθόν·
1625 3600 1703 3671 τῷ
1739 3601 1797 3653 δὲ

208 3696 397 3765 Θυμῷ,
427 3692 976 3765 ὑπεραγωνιζόμεθα.
1012 3694 1166 3746 Κατά
1195 3693 1394 3756 ταύτας
1422 3693 1486 3762 δὴ
1515 3692 1613 3755 τὰς
1644 3693 1800 3747 δυνά-

212 3805 344 3858 μεις
377 3789 772 3858 προσμένοντες
800 3789 847 3840 οί
879 3788 969 3865 τῷν
996 3787 1127 3841 Θεὸν
1160 3786 1501 3855 ἀγαπῶντες,
1547 3786 1626 3855 τῷ
1670 3785 1799 3856 θείῳ

210 3881 363 3951 λόγῳ
393 3882 491 3951 τῆς
513 3880 714 3950 ἀρετῆς
744 3878 838 3932 καὶ
870 3882 969 3949 τῆς
998 3878 1250 3943 γνώσεως
1274 3894 1287 3909 ·
1322 3881 1389 3949 τῇ
1424 3878 1543 3949 μὲν,
1573 3878 1797 3950 ζητοῦν-

210 3988 350 4035 τεςο
385 3974 450 4043 τῇ
501 3972 579 4030 δὲ.
623 3970 944 4033 ποθοῦντες·
990 3972 1055 4040 τῇ
1105 3970 1183 4031 δὲ,
1240 3969 1797 4039 ὑπεραγωνιζόμενοι,

208 4063 463 4132 δέχονται
497 4061 700 4133 τροφὴν
733 4062 1031 4131 ἄφθαρτον,
1073 4062 1167 4114 καὶ
1201 4061 1289 4113 τὸν
1320 4060 1443 4113 νοῦν
1478 4062 1799 4115 πιαίνουσαν

210 4156 318 4225 τὴν
354 4153 553 4223 γνῶσιν
584 4154 702 4212 τῶν,
738 4154 1055 4222 γεγονότων.

293 4314 407 4396 κέζ
449 4333 559 4404 Τὴν
591 4333 919 4386 κενωθεῖσαν
939 4333 1037 4403 τῆς
1060 4332 1305 4403 δοθείσης
1333 4330 1586 4400 γνώσεως
1616 4329 1798 4399 φύσιν,

210 4429 514 4497 γενόμενος
543 4425 828 4496 ἄνθρωπος
863 4426 891 4478 ὁ
915 4424 1009 4478 τοῦ
1035 4423 1170 4477 Θεοῦ
1214 4424 1406 4491 Λόγος,
1444 4423 1604 4476 πάλιν
1638 4421 1802 4491 ἐπλή-

1889 1957 1945 2000 ut
1996 1949 2089 2017 qui
2146 1948 2339 2004 fideles
2380 1949 2636 2019 exemplo
2676 1965 2797 2013 suo,
2833 1958 2894 2003 ut
2933 1950 3004 2004 ad
3040 1952 3311 2005 virtutum
3364 1950 3462 2003 fra-

1878 2040 2152 2110 grantiam
2204 2056 2302 2109 per
2342 2041 2617 2097 actionem
2668 2050 3048 2105 moverentur,
3078 2052 3470 2110 componeret,

1887 2144 1978 2189 aut
2009 2145 2269 2205 tanquam
2305 2136 2652 2205 pradicator,
2685 2152 2781 2191 eos
2818 2136 2913 2206 qui
2952 2136 3222 2192 doctrina:
3248 2150 3313 2190 ac
3352 2151 3463 2191 ser-

1888 2228 2039 2283 moni
2084 2228 2273 2298 gratiae
2319 2228 2781 2298 obsequerentur,
2814 2245 2845 2283 a
2874 2229 2987 2283 vita
3023 2244 3092 2283 ex
3134 2243 3335 2283 sensus
3384 2244 3460 2283 ra-

1891 2321 2059 2384 tione,
2111 2320 2178 2373 ad
2228 2320 2394 2374 vitam
2447 2336 2570 2390 quae
2608 2336 2674 2374 ex
2725 2321 2955 2389 spiritus
3002 2321 3314 2376 rationibus
3368 2327 3473 2380 est,

1894 2412 2237 2473 transferret.
2282 2411 2431 2466 Odor
2476 2420 2660 2466 autem
2704 2413 2897 2468 mortis
2947 2413 3004 2467 in
3064 2421 3322 2478 mortem,
3368 2412 3474 2474 his,

1890 2505 1983 2573 qui
2014 2504 2082 2558 ab
2133 2505 2455 2575 ignorantia:
2488 2515 2665 2558 morte
2701 2506 2767 2559 ad
2800 2505 3203 2559 incredulitatis
3238 2514 3474 2559 mortem

1891 2602 2200 2656 evaserant,
2253 2610 2489 2663 quorum
2530 2595 2729 2649 animis
2770 2595 3045 2649 manentis
3085 2609 3184 2648 eos
3206 2594 3475 2649 condem-

1892 2684 2132 2737 nationis
2183 2700 2405 2739 sensum
2458 2685 2802 2741 immitteret.
2857 2686 2968 2741 Aut
3015 2702 3209 2742 rursus
3252 2687 3392 2742 odor
3447 2702 3477 2739 ιι

1893 2774 2002 2828 vita
2048 2757 2113 2827 ad
2166 2775 2353 2839 vitam,
2397 2775 2502 2840 his,
2555 2777 2651 2845 qui
2710 2777 2780 2830 ab
2842 2776 3057 2831 actione
3104 2777 3172 2831 ad
3224 2785 3473 2833 contem-

1893 2866 2187 2936 plationem
2269 2869 2677 2936 proveherent;
2732 2868 2870 2923 odor
2921 2879 3106 2923 autem
3165 2869 3362 2922 mortis
3419 2867 3476 2921 in

1894 2967 2148 3019 mortem,
2212 2959 2315 3022 his,
2366 2960 2459 3028 qui
2517 2960 2586 3013 ab
2629 2976 2697 3014 eo
2751 2962 2896 3029 quod
2935 2962 3244 3016 cessatione
3278 2977 3309 3016 a
3339 2975 3477 3031 pec—

1895 3059 2039 3115 cato,
2087 3052 2315 3122 ejusque
2342 3052 2446 3106 sibi
2473 3052 2678 3107 indicta
2706 3054 3016 3118 vacatione,
3052 3054 3298 3108 membra
3332 3069 3481 3109 mor-

1820 3166 1860 3221 C
1897 3140 2246 3206 tilicaverint,
2287 3158 2408 3211 qua:
2438 3152 2567 3195 sunt
2606 3158 2774 3212 super
2820 3154 3023 3198 terram
3058 3143 3126 3209 "’,
3171 3146 3236 3197 ad
3289 3144 3479 3198 lauda-

1897 3232 2062 3286 bilem
2106 3233 2430 3287 vitiosarum
2468 3250 2567 3289 scu
2615 3226 3041 3289 libidinosarum
3078 3236 3477 3307 cogitationum

1895 3339 2298 3394 sensorumque
2329 3326 2499 3379 animi
2543 3326 3025 3381 mortificationem
3062 3336 3370 3383 transeunt.

1964 3414 2053 3467 25.
2097 3414 2235 3469 Tres
2283 3425 2414 3468 sunt
2463 3415 2660 3469 anima:
2712 3415 3022 3481 facultates,
3077 3418 3239 3482 ratio,
3292 3418 3375 3473 ira
3424 3429 3481 3473 et
3579 3479 3585 3493 γ

1895 3504 2187 3573 cupiditas.
2226 3505 2304 3558 Ac
2342 3505 2551 3558 ratione
2575 3505 2839 3573 quidem,‘
2878 3506 3207 3576 quaarimus;
3261 3507 3478 3578 cupidi-

1897 3607 2028 3661 tate,
2063 3597 2208 3667 quod
2257 3598 2549 3667 quaesitum
2581 3598 2786 3652 bonum
2812 3608 2897 3653 est
2930 3599 3339 3666 desideramus;
3377 3601 3477 3661 ira,

1898 3693 2018 3762 ejus
2059 3690 2247 3745 tuendi
2296 3681 2462 3745 causa
2491 3700 2899 3746 concertamus.
2951 3693 3031 3747 Ex
3064 3694 3262 3747 harum
3290 3694 3474 3766 itaque

1897 3783 2221 3838 facultatum
2250 3782 2487 3847 ratione,
2518 3782 2613 3851 qui
2646 3782 2833 3836 divina
2875 3783 3147 3839 charitate
3198 3785 3345 3850 fulti,
3398 3788 3481 3842 di-

1899 3874 2040 3927 vinae
2081 3872 2303 3927 virtutis
2344 3888 2409 3928 ac
2464 3873 2711 3930 scientiae
2744 3876 2967 3931 rationi
3028 3886 3195 3947 atque
3236 3883 3479 3935 sermoni

1899 3964 2120 4019 assidue
2182 3974 2387 4019 navant
2427 3982 2691 4035 operam;
2721 3983 2785 4022 ac
2814 3969 3011 4038 partim
3049 3966 3325 4039 quaerunt,
3353 3988 3482 4042 par-

1904 4056 2002 4111 tim
2031 4056 2369 4121 desiderant,
2394 4057 2707 4128 partimque
2738 4060 2929 4113 tuendi
2950 4060 3147 4117 ardore
3170 4062 3480 4128 decertant,

1902 4147 2382 4217 incorruptibilem
2432 4163 2615 4204 escam
2669 4151 3069 4207 nauciscuntur
3115 4168 3181 4209 ac
3240 4163 3481 4211 mentem

1904 4238 2363 4307 impinguantem,
2419 4247 2730 4295 creatarum
2781 4257 2964 4297 rerum
3001 4242 3313 4300 scientiam.

1971 4329 2061 4385 26.
2096 4330 2387 4395 Naturam,
2417 4345 2681 4388 concessa
2738 4334 2844 4405 sibi
2877 4336 3110 4391 scientia
3137 4349 3482 4403 evacuatam,

1906 4423 2002 4477 Dei
2055 4422 2296 4477 Verbum
2345 4422 2552 4478 factum
2599 4424 2784 4491 homo,
2818 4427 3047 4483 scientia
3091 4430 3277 4486 denuo
3308 4432 3483 4487 adim-

214 4535 369 4591 ρωσε
420 4516 704 4585 γνώσεως·
742 4515 836 4567 καὶ
881 4512 1169 4584 στομώσας
1208 4512 1344 4583 πρὸς
1395 4512 1695 4582 ἀτρεψίαν,
1741 4510 1791 4562 οἱ

1908 4514 2110 4583 plevit;
2150 4510 2560 4584 duransque’ut
2604 4518 2739 4572 nulli
2785 4518 3047 4589 deinceps
3090 4520 3330 4575 obnoxia
3362 4538 3483 4576 mu-

214 4610 415 4679 φύσει,
465 4609 708 4678 ποιότητι
766 4608 843 4671 δὲ,
912 4607 1115 4678 ταύτην
1170 4606 1434 4658 ὲθέωσεν·
1496 4603 1801 4665 ἀνελλιπῶς

215 4699 396 4769 αὐτὴν
424 4699 499 4768 τῷ
512 4700 711 4767 *οἰκείῳ
741 4698 1155 4769 χαρακτηρίσας
1188 4696 1464 4763 Πνεύματι
1487 4710 1501 4723 ·
1552 4693 1803 4763 καθάπερ

218 4793 394 4861 ὕδωρ,
428 4792 571 4844 οἴνου
603 4792 851 4860 ποιότητι
897 4790 1034 4861 πρὸς
1077 4789 1227 4842 τόνον
1262 4785 1658 4857 μετακεράσας.
1706 4784 1805 4837 Διά

218 4884 386 4937 τοῦτο
417 4883 526 4953 γὰρ
558 4883 652 4935 καὶ
683 4880 891 4948 γίνεται
924 4877 1045 4932 κατ’
1090 4879 1347 4950 ἀλήθειαν
1376 4877 1682 4946 ἄνθρωπος,
1722 4875 1807 4927 ἵνα

218 4976 372 5036 κατὰ
399 4977 557 5051 χάριν
588 4977 734 5045 ἡμᾶς
761 4973 1076 5043 καταστήσῃ
1106 4972 1282 5034 θεούς.

297 5071 406 5135 κζ’.
460 5070 517 5123 '0
556 5068 654 5139 τὴν
700 5066 862 5136 φύσιν
894 5065 1002 5118 τῶν
1048 5064 1353 5135 ἀνθρώπων
1393 5063 1803 5133 δημιουργήσας

222 5162 384 5225 Θεὸς,
426 5160 542 5231 ἅμα
578 5160 826 5229 βουλήσει
869 5160 929 5211 τὸ
964 5154 1102 5210 εἶναι
1135 5158 1271 5227 αὐτῇ
1317 5155 1568 5219 δέδωκεν,
1607 5154 1806 5223 συνήρ-

225 5271 399 5327 μοσεν
445 5255 582 5323 αὐτῇ
634 5252 728 5304 καὶ
780 5250 1007 5320 δύναμιν
1049 5248 1159 5301 τῶν
1195 5248 1545 5319 καθηκόντων
1593 5262 1807 5314 ποιητι-

224 5348 339 5418 κήν
358 5361 374 5377 ⁸
408 5345 633 5415 δύναμιν
663 5344 718 5396 δὲ
759 5342 921 5411 λέγω,
946 5344 1045 5413 τὴν
1071 5341 1343 5403 οὐσιωδῶς
1372 5340 1470 5411 μὲν
1502 5353 1814 5407 κατεσπαρι

1907 4605 2100 4660 tationi
2137 4606 2229 4671 sit,
2281 4622 2393 4662 non
2442 4616 2662 4673 natura,
2712 4608 2807 4663 sed
2857 4610 3122 4680 qualitate
3169 4628 3291 4667 eam
3328 4613 3484 4669 deiti-

1908 4697 2085 4763 cavit;
2112 4698 2192 4751 sic
2222 4713 2325 4753 suo
2354 4698 2656 4769 obsignans
2695 4699 2931 4769 Spiritu,
2959 4710 3022 4756 ut
3055 4702 3195 4757 nihil
3228 4703 3281 4759 ei
3308 4704 3489 4763 desit:

1911 4805 1974 4844 ac
2046 4788 2090 4844 si
2144 4805 2285 4859 aqua
2340 4790 2455 4844 vini
2509 4792 2777 4860 qualitate
2844 4794 3165 4860 misceatur,
3230 4804 3293 4850 ut
3342 4796 3492 4869 illius

1910 4880 2155 4950 vigorem
2184 4879 2493 4934 contrahat.
2538 4881 2751 4935 Idcirco
2786 4884 2934 4937 enim
2968 4886 3134 4940 etiam
3170 4901 3295 4942 rere
3324 4887 3493 4941 homo

1912 4968 2091 5023 lactus
2123 4977 2229 5032 est,
2278 4978 2339 5022 ut
2385 4987 2485 5025 nos
2535 4986 2632 5041 per
2668 4972 2899 5041 gratiam
2937 4973 3072 5029 deos
3112 4985 3419 5044 praestaret.

1985 5058 2073 5114 27.
2117 5060 2263 5114 Deus
2316 5060 2608 5115 condendo
2678 5063 2973 5119 humanam
3037 5076 3315 5131 naturam,
3369 5083 3495 5122 mox

1916 5168 1981 5208 ac
2034 5150 2113 5205 illi
2156 5162 2217 5205 ut
2267 5160 2414 5206 esset
2457 5152 2741 5208 voluntate
2799 5142 3057 5221 contulit,
3109 5158 3219 5211 vim
3275 5174 3496 5228 quoque

1918 5244 2098 5300 eidem
2136 5243 2369 5298 faciendi
2400 5260 2521 5315 quas
2550 5244 2778 5301 honesta
2809 5248 2919 5302 sint
2959 5258 3017 5304 et
3049 5248 3235 5314 oﬂieii,
3264 5255 3495 5321 aptavit.

1920 5338 2040 5392 Vim
2080 5344 2263 5390 autem
2302 5334 2429 5389 dico
2473 5351 2571 5390 seu
2600 5335 2943 5403 facultatem,
2993 5355 3123 5395 eum
3154 5351 3363 5396 motum
3395 5344 3493 5411 qui

304 5509 352 5541 ⁸³
374 5509 420 5564 ll
445 5507 569 5563 Cor.
600 5526 657 5571 ιι,
694 5506 780 5569 16,
814 5505 905 5559 ubi
937 5513 1117 5558 tamen
1144 5502 1302 5558 deest
1331 5502 1392 5555 τὸ
1417 5500 1543 5554 ἀπό.
1575 5498 1717 5554 Odor
1744 5501 1791 5553 vi

1894 5501 1950 5553 in
1978 5500 2162 5554 vitam.
2242 5495 2285 5526 ”
2317 5495 2525 5552 Coloss.
2556 5514 2633 5562 ιιι,
2665 5498 2716 5551 5.

308 5650 382 5723 (b)
429 5649 570 5703 Ἀπὸ
600 5650 702 5723 τοῦ
734 5648 1045 5723 γηρῶσαι.
1077 5645 1352 5715 Quidquid
1371 5645 1469 5723 hic
1490 5641 1677 5723 Picus,
1733 5640 1810 5723 sic

231 5711 478 5777 alienum
528 5737 557 5774 a
606 5711 881 5789 theologia
936 5711 1256 5786 motumque
1285 5714 1559 5789 scientia,
1616 5720 1676 5763 ut
1724 5711 1807 5789 vel

235 5808 410 5849 unum
445 5792 494 5845 id
514 5791 765 5860 exemplo
783 5781 901 5845 esse
927 5798 1113 5858 queat,
1141 5781 1249 5841 non
1278 5786 1433 5839 facile
1455 5781 1809 5851 irrmnpenda

1918 5652 2071 5711 sacra
2104 5636 2289 5711 adyta.
2325 5634 2543 5711 ei,__qni
2580 5637 2824 5711 ἀμυητος
2861 5636 2975 5711 sit._
3001 5637 3142 5711 Quid
3178 5640 3325 5695 enim
3382 5660 3500 5711 ρετ-

1918 5709 2020 5829 cnlzti
2056 5706 2319 5765 socordia,
2366 5706 2583 5774 aliaque
2632 5707 2723 5761 hic
2755 5708 2805 5760 ei
2862 5708 3064 5776 positu?
3126 5709 3244 5784 Ipsa
3280 5706 3498 5772 Maiiw

1918 5792 1945 5829 (ε
1970 5793 2082 5829 ara.

1917 5792 2082 5830 Clara.
