4192 6436
719 376 848 441 1231

1889 378 1950 438 Β.
1993 374 2280 437 ΜΛΧΙΜΙ
2318 373 2826 437 CONFESSORIS

3871 367 4005 432 1232

715 489 1088 545 essentialiter
1133 487 1201 544 ad
1247 485 1587 558 pratstandas
1623 485 1862 542 virtutes
1895 499 2091 543 natura
2131 488 2305 544 inser-

2413 491 2579 562 μένην
2624 492 2692 562 τῇ
2737 492 2920 558 φύσει,
2973 489 3108 562 πρὸς
3157 488 3374 560 ἀρετῶν
3413 487 3698 558 ἐνέργειαν
3745 485 4005 552 κίνησιν·

719 590 808 638 tus
846 590 968 646 est;
1005 591 1061 635 ct
1097 587 1156 633 ut
1198 579 1368 632 animi
1409 581 1706 644 sententia,
1739 595 1841 649 pro
1869 580 1991 651 ejus
2021 581 2304 636 voluntate

717 674 914 742 quieo
970 670 1235 740 praeditus
1277 672 1350 724 sit
1402 686 1573 740 opere
1617 672 1856 726 eluceat.

789 765 877 816 28.
920 763 1198 816 Habemus
1240 765 1497 818 naturale
1539 763 1810 833 judicium
1863 773 2032 834 atque
2065 765 2306 820 tribunal

719 856 1025 910 naturalem
1077 855 1277 924 legem,
1316 856 1421 908 hoc
1459 855 1790 920 docentem;
1844 854 2009 928 550
2047 857 2308 912 debuisse

720 956 847 1002 ante
892 947 1244 1016 sapientiam,
1307 963 1429 1016 qua:
1471 946 1641 1000 rebus
1682 947 1953 1001 universis
1993 948 2155 1012 inest,
2193 963 2311 1002 mo-

719 1039 835 1094 veri
883 1039 1192 1109 appetitum
1255 1049 1530 1103 nostrum,
1580 1039 1648 1093 ad
1700 1040 2082 1094 universarmn
2121 1055 2308 1094 rerum

719 1141 1002 1186 auctorem
1049 1131 1508 1186 condiscendum.

681 1214 690 1222 ’
787 1225 878 1278 29.
921 1225 1127 1278 Puteus
1151 1224 1345 1286 Jacob,
1383 1233 1468 1277 est
1507 1222 1792 1292 Scriptura
1813 1224 1881 1277 ⁸⁸.
1917 1224 2072 1293 Aqua
2102 1235 2308 1288 autem,

719 1333 843 1386 quze
878 1318 932 1369 in
966 1316 1253 1385 Scriptura
1283 1316 1624 1380 continetur,
1653 1315 1908 1370 scientia.
1943 1318 2192 1371 Altitudo
2214 1333 2311 1370 seu

721 1407 1079 1478 profundum,
1119 1408 1358 1461 obscure
1403 1407 1681 1461 dictorum
1731 1407 2032 1478 Scriptura:
2069 1425 2133 1463 ac
2184 1425 2310 1478 per-

722 1501 1012 1570 plexorum
1066 1500 1288 1570 positio,
1327 1499 1534 1570 quibus
1587 1515 1647 1554 se
1697 1500 1822 1568 quis
1875 1516 1982 1554 non
2033 1501 2193 1554 facile
2227 1516 2315 1554 cx-

722 1592 935 1663 pediat.
971 1593 1144 1647 Porro
1179 1593 1364 1656 situla,
1423 1606 1546 1661 qua:
1581 1605 1680 1659 per
1712 1591 1926 1645 litteras
1961 1591 2198 1646 habetur
2225 1591 2313 1646 di-

719 1685 837 1739 vini
877 1685 1034 1739 verbi
1070 1683 1402 1752 disciplina;
1445 1697 1612 1751 quam
1650 1698 1760 1736 non
1805 1683 1997 1738 habuit
2026 1683 2310 1748 Dominus,

2411 583 2705 654 γνωμικῶς
2731 583 2788 636 δὲ
2818 583 2913 652 (c),
2933 583 3069 654 πρὸς
3096 583 3198 656 τὴν
3224 583 3319 636 τοῦ
3343 581 3687 653 κεκτημένου
3721 578 4006 650 βούλησιν.

2409 674 2552 727 κατά
2582 674 2682 745 τὴν
2715 675 2914 746 χρῆσιν
2951 675 3379 746 ὲκφαινομένην.

2480 773 2586 837 κη’.
2629 768 2864 821 Φυσικὸν
2905 767 3103 838 ἔχομεν
3142 768 3447 838 κριτήριον,
3492 764 3585 817 τὸν
3646 762 3789 817 κατὰ
3841 762 4005 830 φύσιν

2410 858 2594 927 νόμον,
2639 857 2959 911 διδάσκοντα
2994 859 3162 928 ἡμᾶς,
3202 857 3288 910 ὅτι
3325 857 3464 928 πρὸς
3495 855 3594 925 τῆς
3634 855 3692 906 ἐν
3729 852 3876 914 ὅλοις
3915 865 4010 902 σο“

2411 950 2562 1018 φίας,
2596 949 2702 1002 ἔδει
2733 951 2869 1022 πρὸς
2898 950 2998 1021 τὴν
3020 949 3115 1003 τοῦ
3147 949 3376 1020 ποιητοῦ
3403 949 3513 1002 τῶν
3537 949 3676 1001 ὅλων
3709 961 4010 1017 μυσταγω-

2410 1043 2538 1110 γίαν
2569 1041 2647 1111 ((ί)
2686 1043 2844 1113 ἡμῶν
2879 1041 3146 1096 κινεῖσθαι
3183 1042 3283 1112 τὴν
3322 1040 3530 1111 ἓφεσιν.

2481 1224 2584 1278 κη’.
2626 1225 2702 1276 Τὸ
2738 1224 2917 1295 φρέαρ
2954 1225 3071 1276 ἐστὶ
3113 1223 3206 1276 τοῦ
3249 1219 3471 1282 Ἰακὼϐ,
3513 1221 3547 1289 ἡ
3587 1219 3819 1290 Γραφή·
3861 1218 3924 1270 ca
3953 1217 4010 1270 δὲ

2414 1316 2560 1386 ὕδωρ
2606 1318 2776 1380 ἐστὶν,
2819 1317 2852 1386 ὴ
2892 1318 2950 1371 ὲν
2991 1319 3055 1386 τῇ
3101 1317 3293 1388 Γρα·,;ῇ
3336 1315 3570 1382 γνῶσις·
3619 1313 3678 1366 τὸ
3715 1311 3777 1365 δὲ
3821 1310 4008 1381 βάθος.

2413 1411 2448 1480 ἠ
2496 1408 2606 1460 τῶν
2657 1408 2951 1478 Γραφικῶν
2988 1407 3330 1478 αἰνιγμάτων
3375 1404 3774 1474 δυσδιεξίτητος
3822 1401 4009 1465 θέσις·

2414 1502 2475 1555 τὸ
2512 1502 2569 1556 δὲ
2622 1501 2874 1572 ἄντλημά
2928 1503 3112 1566 ἐστιν,
3162 1503 3196 1570 ὴ
3248 1501 3336 1553 διά
3365 1500 3476 1552 τῶν
3525 1497 3878 1568 γραμμάτων
3917 1495 4010 1547 τοῦ

2416 1593 2561 1646 θείου
2600 1593 2758 1660 λόγου
2803 1591 3063 1662 μάθησις,
3104 1592 3173 1663 ἢν
3209 1591 3310 1644 οὐκ
3349 1583 3494 1658 εἶχεν
3535 1587 3564 1638 ὁ
3602 1585 3811 1655 Κύριος
3835 1583 4014 1636 Αὑτο-

2414 1683 2572 1752 λὸγος
2599 1684 2884 1756 ὑπάρχων,
2923 1684 3012 1736 καὶ
3049 1684 3112 1736 ού
3151 1682 3252 1753 τὴν
3288 1684 3350 1734 ἐκ
3380 1678 3676 1752 μαθήσεως
3709 1676 3807 1728 καὶ
3852 1674 4012 1744 μελέ-

721 1777 817 1845 qui
844 1776 916 1828 sit
952 1775 1133 1843 ipsum
1169 1772 1451 1850 _Verbum;
1486 1787 1591 1825 nec
1629 1787 1794 1840 quam
1827 1787 1895 1825 ex
1921 1771 2214 1842 disciplina
2250 1788 2309 1826 ac

2413 1794 2512 1845 της
2553 1777 2730 1839 διδοὺς
2783 1775 2988 1844 γνῶσιν
3025 1777 3138 1838 τοῖς
3192 1774 3562 1836 πιστεύουσιν,
3618 1771 3757 1824 ἀλλὰ
3799 1772 3904 1840 τὴν
3949 1775 4013 1824 ἐκ

719 1865 1119 1920 exercitatione
1171 1846 1444 1925 hauserit,
1493 1863 1750 1916 ﬁdelibus
1785 1863 2076 1917 scientiam
2109 1863 2308 1926 tradat,

2413 1865 2634 1936 χάριτος
2669 1863 3053 1936 πνευματικῆς
3089 1864 3314 1938 ἀᾲνναον
3352 1864 3564 1933 σοφίαν,
3607 1865 3702 1918 καὶ
3740 1866 4012 1936 μηδέποτε

720 1958 817 2014 sed
846 1973 969 2027 quae
998 1973 1065 2012 ex
1091 1955 1331 2026 spiritali
1364 1955 1546 2024 gratia
1572 1955 1783 2025 jugiter
1809 1969 2049 2010 manans
2090 1956 2312 2026 sapien-

723 2048 797 2105 tia
845 2058 930 2104 est
973 2060 1030 2104 et
1078 2063 1360 2117 nunquam
1407 2046 1636 2110 desinit,
1689 2045 1776 2100 his
1825 2045 1920 2116 qui
1972 2046 2122 2118 digni
2182 2055 2314 2102 sunt

720 2139 905 2193 divina
952 2139 1210 2208 largitate
1264 2137 1493 2191 tribuat.
1550 2136 1728 2190 Situla
1771 2137 1920 2190 enim
1955 2137 2084 2208 (hoc
2109 2146 2196 2192 est
2231 2137 2315 2190 di-

721 2231 974 2300 sciplina)
999 2230 1248 2285 scientiae
1275 2237 1484 2298 partem
1512 2229 1671 2298 longe
1703 2229 1986 2283 minimam
2011 2228 2311 2298 accipiens.

721 2330 899 2376 totum
950 2321 1202 2383 dimittit,
1251 2320 1398 2389 quod
1457 2320 1605 2373 nulla
1655 2320 1838 2388 capiat
1890 2320 2125 2374 ratione.
2177 2319 2312 2386 Quae

721 2422 906 2466 autem
953 2428 1050 2481 per
1078 2412 1308 2482 gratiam
1342 2412 1577 2466 scientia
1631 2421 1738 2474 est,
1768 2420 1940 2466 totam
1971 2411 2114 2479 (sine
2139 2412 2310 2466 etiam

719 2505 1137 2573 exercitatione)
1165 2514 1372 2574 quanta
1405 2504 1725 2558 hominibus
1746 2518 2007 2560 concessa
2027 2513 2131 2569 est,
2161 2506 2313 2560 varie

722 2612 826 2667 pro
880 2613 1020 2651 usus
1069 2596 1279 2649 ratione
1313 2603 1624 2648 manantem
1662 2594 1988 2663 sapientiam
2040 2596 2309 2649 continet.

793 2689 882 2744 50.
927 2689 1157 2758 Liguum
1214 2691 1359 2750 vitae,
1416 2697 1472 2741 et
1517 2686 1664 2755 quod
1722 2702 1832 2740 non
1881 2686 2153 2756 ejusmodi
2204 2695 2310 2752 est,

721 2781 809 2834 vel
866 2779 970 2833 hac
1007 2779 1124 2848 ipsa
1180 2779 1413 2838 ratione,
1471 2775 1619 2846 quod
1658 2776 1790 2829 illud
1828 2777 2052 2845 quidem
2109 2777 2312 2849 lignum

720 2873 844 2925 vita:
883 2871 925 2902 "
969 2871 1306 2938 appellatum
1365 2876 1482 2931 est;
1516 2868 1618 2921 hoc
1665 2877 1874 2930 autem,
1933 2883 2044 2922 non
2100 2867 2310 2938 lignum

719 2963 868 3025 vitm,
897 2962 992 3016 sed
1033 2960 1380 3016 solummodo
1413 2960 1644 3012 scicntia:
1669 2959 1789 3013 boni
1820 2968 1867 3010 et
1897 2961 2026 3014 mali
2056 2963 2124 3026 ",
2152 2961 2311 3031 longe

723 3054 1023 3108 maximum
1073 3069 1136 3106 ac
1189 3051 1473 3105 ineliahile
1525 3052 1827 3105 discrimen
1887 3052 2113 3106 habent.
2174 3053 2310 3106 Nam

719 3145 928 3215 lignum
960 3144 1107 3207 vitm,
1133 3143 1362 3196 omnino
1394 3141 1561 3195 etiam
1592 3142 1866 3211 ejusmodi
1903 3152 2008 3205 est,
2050 3151 2109 3196 ιιι
2139 3129 2307 3196 vitam

720 3246 942 3308 praestet
971 3257 983 3289 :
1011 3237 1156 3305 quod
1180 3247 1365 3289 autem
1409 3251 1520 3288 non
1558 3243 1643 3288 est
1674 3235 1882 3303 lignum
1924 3234 2070 3297 vit-.13,
2113 3233 2307 3303 procul

719 3331 894 3384 dubio
924 3330 1044 3397 ejus
1074 3329 1307 3382 rationis
1337 3337 1441 3389 est,
1467 3328 1614 3396 quod
1649 3336 1883 3381 mortem
1922 3327 2116 3396 pariat.
2152 3326 2310 3392 Quod

718 3420 870 3472 enim
924 3420 974 3471 vi
1021 3427 1172 3472 caret
1228 3415 1553 3486 praestanda:
1597 3415 1742 3480 vitat,
1775 3415 1985 3469 ideirco
2023 3415 2168 3484 quod
2203 3431 2312 3468 non

720 3512 1036 3581 appellatur
1084 3507 1302 3579 lignum
1357 3509 1502 3566 Viue.
1546 3507 1708 3577 plane
1765 3515 1998 3559 mortem
2051 3514 2312 3576 przeslare

723 3602 1000 3656 habuerit.
1058 3600 1214 3666 Quod
1265 3600 1414 3653 enim
1468 3617 1568 3669 per
1619 3597 2076 3652 contrarietatem
2133 3614 2161 3650 a
2201 3597 2314 3652 vita

719 3696 1020 3757 dividatur,
1070 3693 1221 3747 aliud
1279 3692 1418 3746 nihil
1472 3701 1578 3746 est.

790 3787 880 3844 5i.
918 3787 1149 3855 Liguum
1195 3785 1338 3846 Vilzu,
1397 3799 1504 3852 qua
1551 3781 1720 3835 etiam
1772 3782 1988 3834 ratione
2041 3779 2312 3849 sapientia

715 3888 823 3936 est.
852 3877 1151 3946 plurimutn
1181 3876 1350 3928 distat
1379 3890 1407 3926 a
1442 3871 1592 3941 ligno
1621 3871 1872 3926 scientia:
1900 3871 2029 3924 boni
2072 3879 2128 3923 et
2159 3871 2312 3936 mali,

715 3968 866 4037 quod
915 3983 1095 4036 neque
1127 3963 1398 4034 sapientia
1433 3971 1538 4025 est,
1577 3977 1756 4030 neque
1801 3961 1882 4015 sic
1913 3968 2169 4015 vocatum
2205 3971 2310 4016 est.

717 4059 850 4114 Nam
880 4059 1163 4128 sapientia:
1182 4055 1406 4126 quidem
1439 4053 1720 4124 proprium
1744 4063 1848 4114 est,
1875 4067 2030 4106 mens
2058 4061 2115 4106 et
2139 4053 2310 4107 ratio:

717 4152 936 4206 habitus
962 4161 1144 4204 autem
1165 4147 1440 4202 contrarie
1461 4145 1744 4214 sapientia:
1769 4143 2005 4213 oppositi
2026 4144 2311 4212 proprium

714 4250 818 4304 est,
861 4241 1094 4294 rationis
1130 4237 1379 4294 absentia
1419 4250 1742 4304 sensusque.

788 4333 879 4388 5'2.
919 4333 1058 4388 Cum
1089 4332 1256 4384 homo
1289 4345 1357 4382 ex
1396 4329 1578 4382 anima
1607 4325 1949 4394 intelligente
1981 4333 2038 4378 et
2077 4337 2312 4392 corpore

717 4429 994 4481 sentiente
1016 4425 1375 4484 constitutus,
1407 4422 1462 4474 in
1491 4434 1680 4474 rerum
1715 4427 1970 4472 naturam
2007 4416 2314 4485 productus

712 4524 824 4584 sit;
873 4525 1017 4582 esto,
1066 4531 1178 4570 uno
1212 4514 1436 4583 quidem
1470 4527 1634 4566 sensu
1692 4511 1901 4579 lignum
1932 4508 2079 4572 vitaz,
2110 4508 2308 4561 animae

714 4629 893 4676 mens,
957 4611 1013 4665 in
1084 4623 1194 4677 qua
1242 4605 1515 4675 sapientia
1557 4601 1797 4665 residet;
1848 4599 2058 4668 lignum
2119 4605 2306 4652 autem

711 4705 959 4768 scientia:
994 4701 1127 4756 boni
1175 4707 1232 4752 et
1279 4696 1430 4759 mali,
1465 4693 1714 4761 corporis
1753 4705 1971 4754 sensus,
2011 4689 2100 4742 cui
2129 4689 2307 4758 palam

712 4808 897 4852 motus
953 4807 1152 4847 carens
1206 4789 1419 4843 ratione
1493 4786 1639 4839 inest
1688 4802 1700 4836 :
1748 4799 1882 4853 quo,
1938 4796 2065 4836 eum
2109 4794 2141 4834 a
2195 4779 2307 4835 Deo

779 4953 825 4986 ⁵⁸
849 4952 1008 5008 Joan.
1046 4965 1119 5011 tv,
1154 4948 1240 5000 l3.
1319 4943 1361 4974 ¹¹
1391 4942 1528 4997 Gen.
1563 4957 1642 5004 ιιι,
1668 4939 1759 4993 2'2.
1841 4938 1887 4970 "
1911 4936 2052 4992 Gen.
2079 4951 2138 5001 ιι,
2175 4933 2254 4990 17.

781 5091 799 5109 ⁹
829 5084 912 5140 Cf.
943 5082 1012 5138 ad
1044 5078 1293 5134 Thalass.
1327 5092 1381 5146 (ι.
1412 5074 1504 5128 ιδ.

782 5225 850 5294 (c)
884 5217 1206 5294 Γνωμικῷς
1226 5217 1317 5294 δέ1
1343 5215 1844 5294 Animisententia,
1886 5212 2150 5294 arbitrio.
2183 5209 2303 5294 Non

708 5283 845 5366 apte,
887 5283 1072 5366 Picus.
1128 5287 1318 5366 Quoad
1396 5285 1741 5366 intellectam
1786 5291 2003 5366 putem.
2059 5283 2195 5336 Nam
2249 5289 2307 5335 et

712 5354 970 5437 βούλησις
999 5361 1272 5437 absolute,
1295 5357 1529 5437 facultas
1550 5367 1635 5410 est
1667 5354 2012 5437 intellectum
2034 5367 2303 5437 sequens;

613 5447 617 5454 '
709 5422 769 5490 τὸ
792 5422 1094 5505 γνωμικὸν,
1129 5441 1189 5485 ιιι
1217 5431 1337 5499 ejus
1363 5427 1590 5482 modum
1617 5425 1915 5496 specialem
1945 5424 2176 5493 opponit
2200 5422 2308 5475 Ma-

710 5521 913 5564 xnnus.

782 5579 858 5642 (ά)
904 5573 1060 5642 Πρὸς
1088 5569 1352 5642 τὴνῗτοῦ
1379 5568 1629 5642 ποιητοῦ
1686 5563 1806 5619 τῶν
1858 5565 2019 5642 {3.1m-
2062 5577 2299 5631 μυστα-

709 5635 965 5718 γωγίαν(
986 5635 1121 5699 Erat
1149 5635 1332 5718 :editjs
1360 5640 1544 5693 mend.
1595 5635 1983 5718 μεταγωγίανο
2020 5648 2304 5718 quaemvox

710 5702 847 5774 nihil
888 5723 1036 5779 apta,
1061 5713 1166 5768 etsi
1196 5709 1433 5766 reddere
1457 5702 1710 5779 conatus
1739 5702 1845 5761 est
1880 5705 2066 5779 Picus,
2121 5702 2301 5779 allicta

708 5791 876 5844 etiam
912 5774 993 5842 iiIi
1025 5774 1429 5854 signiﬁcatione
1458 5779 1616 5854 valde
1645 5778 1864 5854 aliena1
1884 5774 2304 5854 debere‘moveri

718 5859 1028 5915 desiderium
1071 5844 1309 5908 nostrum
1352 5851 1422 5905 ad
1448 5850 1778 5922 placandum
1824 5847 2014 5901 Deum.
2064 5844 2302 5914 Exponit

2417 1958 2690 2030 λήγουσαν
2729 1960 2846 2022 τοῖς
2888 1956 3060 2022 ἀξίοις
3085 1956 3448 2028 δωρούμενοςι
3488 1957 3563 2010 Τὸ
3591 1957 3701 2029 γάρ
3735 1957 4011 2029 ἄντλημα.

2414 2052 2693 2106 τουτέστιν
2742 2053 2776 2122 ἡ
2820 2051 3078 2122 μάθησις,
3124 2051 3289 2121 μέρος
3327 2051 3615 2121 ἐλάχιστον
3653 2052 4015 2122 λαμῦάνουσα

2413 2145 2692 2215 γνώσεως,
2732 2145 2794 2197 τὸ
2825 2145 2933 2198 πᾶν
2971 2145 3036 2214 ὲᾷ
3069 2143 3260 2214 μηδενὶ
3303 2144 3446 2216 λόγῳ
3491 2147 3893 2216 κρατούμενον.
3945 2145 4014 2198 Ίι

2413 2239 2471 2293 δὲ
2512 2239 2655 2292 κατὰ
2694 2239 2855 2309 χάριν
2893 2237 3118 2306 γνῶσις,
3155 2237 3284 2307 ὃλην
3315 2236 3428 2306 ἔχει
3469 2239 3559 2290 καὶ
3596 2238 3720 2307 δίχα
3754 2237 4014 2308 μελέτης,

2412 2330 2514 2402 τὴν
2559 2329 2790 2400 ὲφικτὴν
2845 2327 3157 2401 ἀνθρώποις
3211 2329 3430 2398 σοφίαν,
3490 2329 3626 2400 πρὸς
3669 2329 3771 2394 τὰς
3819 2330 4016 2400 χρείας

2416 2423 2675 2486 ποικίλως
2714 2421 3012 2493 βλυστάνου
3021 2439 3141 2476 σαν.
3183 2438 3186 2440 '

2483 2691 2548 2743 λ’.
2592 2691 2607 2710 ⁶
2652 2688 2726 2741 Τὸ
2761 2687 2919 2754 ξύλον
2951 2687 3051 2757 τῆς
3095 2685 3262 2757 ζωῆς.
3306 2686 3403 2742 καὶ
3440 2687 3502 2741 τὸ
3543 2687 3619 2758 μὴ
3647 2687 3915 2752 τοιοῦτον,
3954 2689 4015 2753 ἐξ

2413 2778 2578 2833 αὐτοῦ
2603 2780 2788 2850 μόνου,
2825 2777 2942 2840 τοῦ,
2973 2777 3036 2830 τὸ
3070 2778 3168 2847 μὲν
3194 2775 3344 2844 ζωῆς
3376 2777 3571 2841 ξύλον
3593 2776 3976 2846 ὀνομασθῆναι
4003 2795 4013 2804 ·

2410 2872 2474 2925 τὸ
2524 2872 2602 2934 δὲ,
2638 2871 2701 2924 ού
2758 2871 2926 2942 ζωῆς,
2963 2870 3100 2924 ἀλλὰ
3142 2871 3302 2940 μόνον
3349 2869 3628 2940 γνωστὸν
3672 2867 3870 2923 καλοῦ
3913 2871 4016 2921 καὶ

2411 2966 2704 3034 πονηροῦ,
2747 2965 2950 3036 πολλὴν
2990 2965 3084 3018 καὶ
3120 2965 3328 3033 ἄφατον
3364 2964 3549 3034 ἔχουσι
3581 2963 3682 3035 τὴν
3717 2964 4015 3034 διαφοράν.

2411 3057 2484 3109 Τὸ
2522 3057 2634 3127 γὰρ
2671 3057 2772 3126 τῆς
2824 3055 2978 3126 ’ζωῆς
3031 3055 3218 3121 ξύλον,
3271 3055 3492 3119 πάντως
3537 3057 3633 3109 καὶ
3683 3053 3834 3124 ζωῆς
3894 3057 4021 3106 ἐστι

2419 3148 2735 3218 ποιητικόν·
2793 3149 2857 3200 τὸ
2907 3147 2963 3201 δὲ
3017 3149 3090 3218 μὴ
3146 3150 3247 3219 τῆς
3286 3147 3433 3219 ζωῆς
3476 3147 3654 3214 ξύλον,
3705 3145 3872 3216 δῆλον
3929 3147 4022 3199 ὅτι

2418 3241 2648 3293 θανάτου
2696 3242 2999 3308 ποιητικόν.
3043 3240 3117 3293 Τὸ
3153 3241 3263 3309 γὰρ
3303 3238 3376 3310 μὴ
3426 3221 3707 3308 ποιήτικὸν
3748 3237 3900 3307 ζωῆς
3948 3239 4020 3290 ὲκ

2414 3331 2510 3383 τοῦ
2561 3332 2636 3400 μὴ
2677 3330 3186 3401 προσαγορευθῆναι
3224 3330 3381 3394 ξύλον
3417 3331 3517 3399 τῆς
3563 3328 3734 3398 ζωῆς,
3775 3327 4019 3382 θανάτου

2415 3422 2604 3491 σαφῶς
2626 3423 2693 3476 ἂν
2720 3423 2804 3492 εῐη
2831 3423 3142 3492 ποιητικόνο
3178 3423 3306 3478 ἄλλο
3327 3423 3436 3494 γάρ
3461 3422 3613 3476 οὐδὲν
3643 3425 3711 3492 τῇ
3747 3420 3866 3492 ζωῇ
3893 3420 4020 3475 κατ’

2415 3518 2731 3571 ἐναντίωσιν
2767 3517 3196 3588 ἀντιδιαιρεῖται.

2485 3758 2587 3814 λα’.
2617 3759 2689 3811 Τὸ
2733 3756 2885 3823 ξύλον
2917 3757 3016 3829 τῆς
3063 3757 3230 3827 ζωῆς,
3267 3759 3361 3812 καὶ
3400 3759 3475 3822 ὡς
3517 3760 3701 3828 σοφία,
3747 3760 4019 3832 πλείστην

2414 3853 2528 3922 ἔχει
2559 3853 2822 3924 διαφορὰν
2844 3853 2979 3922 προς
3011 3853 3072 3904 τὸ
3108 3837 3273 3916 ξύλον
3293 3853 3354 3904 τὸ
3379 3853 3682 3921 γνωστικὺν
3709 3854 3885 3908 καλοῦ
3920 3856 4018 3906 καὶ

2414 3945 2677 4016 πονηροῦ,
2700 3946 2762 3998 τὸ
2793 3945 2932 4016 μήτε
2965 3943 3026 3998 ὃν
3059 3945 3246 4013 σοφία.
3283 3946 3424 4015 μήτε
3453 3945 3871 4017 ὠνομασμένον.
3899 3947 4017 4015 τῆς

2417 4039 2516 4108 μὲν
2549 4039 2658 4107 γάρ
2702 4036 2895 4106 σοφίας
2934 4035 3086 4097 ἴδιον,
3141 4034 3266 4099 νοῦς
3318 4037 3415 4090 καὶ
3465 4035 3656 4104 λόγος’
3701 4039 3801 4109 τῆς
3837 4037 3899 4091 δὲ
3944 4040 4016 4108 τῇ

2416 4133 2577 4202 σοφίᾳ
2634 4129 2774 4183 κατὰ
2809 4129 2872 4182 τὸ
2908 4127 3152 4180 ἐναντίον
3185 4127 3574 4199 ἀντικειμένης
3628 4129 3800 4194 ἕξεως
3855 4130 4016 4196 ἴδιον,

2412 4224 2606 4291 ἀλογία
2635 4224 2728 4276 καὶ
2762 4221 3036 4292 αἴσθησις.

2481 4316 2582 4388 λβ’.
2645 4316 2861 4386 Ἐπειδὴ
2916 4319 2980 4368 ἐκ
3025 4315 3202 4385 ψυχῆς
3244 4316 3439 4384 νοερᾶς
3481 4313 3580 4367 καὶ
3624 4312 3885 4383 σώματος
3923 4315 4008 4366 αι·

2412 4408 2669 4478 σθητικοῦ
2711 4408 2979 4472 συνεστὼς
3014 4408 3147 4478 πρὸς
3193 4408 3405 4476 γένεσιν
3439 4401 3605 4477 ἦλθεν
3634 4406 3663 4458 δ
3691 4405 4009 4476 ἄνθρωπος’

2411 4504 2554 4556 Εστω
2596 4501 2738 4557 κατὰ
2777 4502 2907 4571 μίαν
2940 4499 3199 4570 ἐπιϐολὴν
3241 4499 3396 4565 ξύλον
3434 4497 3580 4568 ζωῆς
3622 4499 3652 4551 ὁ
3687 4497 3788 4563 τῆς
3821 4498 4010 4567 ψυχῆς

2413 4594 2560 4660 νοῦς,
2601 4597 2660 4648 ὲν
2689 4586 2735 4662 ᾧ
2763 4593 2863 4663 τῆς
2905 4592 3098 4660 σοφίας
3131 4591 3367 4662 ὑπάρχει
3399 4589 3462 4644 τὸ
3497 4589 3687 4660 χρῆμα
3707 4606 3724 4620 ·
3762 4589 3932 4656 ξύλον
3960 4590 4015 4641 δὲ

2414 4687 2656 4756 γνωστὸν
2701 4684 2868 4740 καλοῦ
2903 4685 2996 4738 καὶ
3029 4682 3292 4755 πονηροῦ,
3323 4685 3357 4754 ἡ
3385 4681 3482 4736 τοῦ
3529 4682 3782 4754 σώματος
3815 4682 4016 4752 αἰσθη-

2418 4795 2524 4843 σις,
2569 4778 2628 4830 ὲν
2748 4777 2850 4847 τῆς
2887 4775 3110 4844 ἀλογίας
3152 4775 3391 4846 ὑπάρχει
3452 4770 3640 4845 σαφῶς
3674 4774 3710 4845 ἡ
3765 4773 4018 4845 κίνησις,

2410 5210 2683 5265 Maximus
2736 5219 2873 5280 post
2933 5217 3230 5278 utrumque
3265 5206 3429 5280 Greg:
3483 5205 3734 5280 aliosque
3789 5203 4012 5280 Patres.

2409 5281 2622 5351 peccati
2671 5275 2802 5335 Atla:
2870 5275 3221 5350 pravitatem,
3282 5275 3665 5351 quodmprius
3732 5277 4015 5351 creaturis

2409 5347 2674 5422 adjecerit
2726 5347 2997 5414 anim—um,
3058 5364 3238 5422 quam;
3288 5349 3400 5402 Deo
3451 5347 3670 5422 illarum
3749 5347 4013 5422 auctori;

2409 5417 2535 5476 cuin
2604 5438 2706 5477 nec
2781 5417 3089 5476 creaturis'
3131 5419 3373 5488 adjicere
3445 5417 4015 5488 nialumresset.rsi

2411 5493 2576 5547 modo
2631 5494 2769 5546 ordo
2847 5501 3098 5547 servatus
3161 5486 3358 5544 fuisset
3431 5486 3561 5553 ρυςυ
3631 5487 3797 5540 Picus
3873 5487 4014 5541 nihil

2413 5564 2706 5619 intellexit.
2767 5579 2817 5617 c.
2859 5563 2949 5624 53,
2990 5561 3137 5630 quod
3190 5569 3313 5630 erat
3346 5559 3672 5630 δραστικὴν,
3706 5555 4015 5630 redditque

2410 5635 2576 5689 Picus
2631 5635 2734 5688 vim
2789 5627 3038 5690 activam.
3087 5629 3310 5688 emend.
3368 5627 3436 5682 ex
3488 5643 3545 5697 q.
3611 5627 3703 5681 illa
3762 5627 3888 5697 45,
3934 5627 4012 5681 ad

2411 5705 2571 5760 Thal.
2609 5705 2979 5776 διακριτικήν,
3011 5718 3133 5773 qua:
3184 5718 3290 5755 una
3333 5716 3437 5752 vox
3479 5696 3546 5753 ex
3579 5696 3802 5752 Maximi
3841 5698 4011 5754 inslio

2411 5786 2532 5832 11110
2559 5786 2662 5831 85L
