  <div class='ocr_page' id='page_1' title='image "/cluster/home/n/w/nwhite01/storage/ocr_20150623/90/nnc1.0046980113/622.png"; bbox 0 0 4192 6436; ppageno 0'>
   <div class='ocr_carea' id='block_1_1' title="bbox 200 382 333 444">
    <p class='ocr_par' dir='ltr' id='par_1_1' title="bbox 200 382 333 444">
     <span class='ocr_line' id='line_1_1' title="bbox 200 382 333 444; baseline 0 0"><span class='ocrx_word' id='word_1_1' title='bbox 200 382 333 444; x_wconf 79' lang='grc'><strong>1233</strong></span> 
     </span>
    </p>
   </div>
   <div class='ocr_carea' id='block_1_2' title="bbox 865 384 2780 460">
    <p class='ocr_par' dir='ltr' id='par_1_2' title="bbox 865 384 2780 460">
     <span class='ocr_line' id='line_1_2' title="bbox 865 384 2780 460; baseline 0.005 -18"><span class='ocrx_word' id='word_1_2' title='bbox 865 387 1202 449; x_wconf 79' lang='lat' dir='ltr'><strong>CAPITUM</strong></span> <span class='ocrx_word' id='word_1_3' title='bbox 1242 386 1664 460; x_wconf 85' lang='lat' dir='ltr'><strong>QUINQUIES</strong></span> <span class='ocrx_word' id='word_1_4' title='bbox 1703 384 2226 448; x_wconf 80' lang='lat' dir='ltr'><strong>CENTENORUM</strong></span> <span class='ocrx_word' id='word_1_5' title='bbox 2268 390 2661 453; x_wconf 78' lang='lat' dir='ltr'><strong>CENTUIUA</strong></span> <span class='ocrx_word' id='word_1_6' title='bbox 2702 392 2780 451; x_wconf 89' lang='lat' dir='ltr'><strong>II.</strong></span> 
     </span>
    </p>
   </div>
   <div class='ocr_carea' id='block_1_3' title="bbox 3334 390 3467 454">
    <p class='ocr_par' dir='ltr' id='par_1_3' title="bbox 3334 390 3467 454">
     <span class='ocr_line' id='line_1_3' title="bbox 3334 390 3467 454; baseline 0 -1"><span class='ocrx_word' id='word_1_7' title='bbox 3334 390 3467 454; x_wconf 69' lang='grc'>1234</span> 
     </span>
    </p>
   </div>
   <div class='ocr_carea' id='block_1_4' title="bbox 191 492 1797 581">
    <p class='ocr_par' dir='ltr' id='par_1_4' title="bbox 191 492 1778 575">
     <span class='ocr_line' id='line_1_4' title="bbox 191 492 1778 575; baseline 0.002 -25"><span class='ocrx_word' id='word_1_8' title='bbox 191 492 257 567; x_wconf 81' lang='grc' dir='ltr'>ἧς</span> <span class='ocrx_word' id='word_1_9' title='bbox 310 500 455 553; x_wconf 83' lang='grc' dir='ltr'>κατὰ</span> <span class='ocrx_word' id='word_1_10' title='bbox 498 500 599 571; x_wconf 83' lang='grc' dir='ltr'>τὴν</span> <span class='ocrx_word' id='word_1_11' title='bbox 636 503 855 574; x_wconf 80' lang='grc' dir='ltr'>πεῖραν,</span> <span class='ocrx_word' id='word_1_12' title='bbox 892 504 967 574; x_wconf 83' lang='grc' dir='ltr'><strong>μὴ</strong></span> <span class='ocrx_word' id='word_1_13' title='bbox 1022 503 1264 572; x_wconf 70' lang='grc' dir='ltr'>ἅψασθαι</span> <span class='ocrx_word' id='word_1_14' title='bbox 1310 504 1377 557; x_wconf 75' lang='grc' dir='ltr'>δι’</span> <span class='ocrx_word' id='word_1_15' title='bbox 1417 504 1695 575; x_wconf 77' lang='grc' dir='ltr'><strong>ἐνεργείας</strong></span> <span class='ocrx_word' id='word_1_16' title='bbox 1749 502 1778 553; x_wconf 85' lang='grc' dir='ltr'><strong>ὁ</strong></span> 
     </span>
    </p>
   </div>
   <div class='ocr_carea' id='block_1_5' title="bbox 1897 492 3464 581">
    <p class='ocr_par' dir='ltr' id='par_1_5' title="bbox 1897 504 3464 581">
     <span class='ocr_line' id='line_1_5' title="bbox 1897 504 3464 581; baseline 0.006 -25"><span class='ocrx_word' id='word_1_17' title='bbox 1897 504 2097 574; x_wconf 66' lang='lat' dir='ltr'><strong>homini</strong></span> <span class='ocrx_word' id='word_1_18' title='bbox 2150 505 2508 563; x_wconf 91' lang='lat' dir='ltr'><strong>interdictum</strong></span> <span class='ocrx_word' id='word_1_19' title='bbox 2557 517 2725 576; x_wconf 90' lang='lat' dir='ltr'><strong>esset,</strong></span> <span class='ocrx_word' id='word_1_20' title='bbox 2758 525 2828 563; x_wconf 92' lang='lat' dir='ltr'><strong>ne</strong></span> <span class='ocrx_word' id='word_1_21' title='bbox 2866 509 3205 579; x_wconf 81' lang='lat' dir='ltr'><strong>experiendo</strong></span> <span class='ocrx_word' id='word_1_22' title='bbox 3238 512 3464 581; x_wconf 69' lang='lat' dir='ltr'><strong>attingo-</strong></span> 
     </span>
    </p>
   </div>
   <div class='ocr_carea' id='block_1_6' title="bbox 188 588 1775 667">
    <p class='ocr_par' dir='ltr' id='par_1_6' title="bbox 188 588 1775 667">
     <span class='ocr_line' id='line_1_6' title="bbox 188 588 1775 667; baseline 0.005 -26"><span class='ocrx_word' id='word_1_23' title='bbox 188 588 476 661; x_wconf 80' lang='grc' dir='ltr'>ἄνθρωπος</span> <span class='ocrx_word' id='word_1_24' title='bbox 522 592 624 661; x_wconf 82' lang='grc' dir='ltr'><strong>τὴν</strong></span> <span class='ocrx_word' id='word_1_25' title='bbox 654 593 805 647; x_wconf 86' lang='grc' dir='ltr'>θείαν</span> <span class='ocrx_word' id='word_1_26' title='bbox 849 594 1033 649; x_wconf 78' lang='grc' dir='ltr'>λαϐὼν</span> <span class='ocrx_word' id='word_1_27' title='bbox 1072 597 1310 667; x_wconf 80' lang='grc' dir='ltr'>εντολὴν,</span> <span class='ocrx_word' id='word_1_28' title='bbox 1344 596 1445 650; x_wconf 89' lang='grc' dir='ltr'><strong>οὑκ</strong></span> <span class='ocrx_word' id='word_1_29' title='bbox 1488 594 1775 664; x_wconf 79' lang='grc' dir='ltr'><strong>ἐφύλαξεν.</strong></span> 
     </span>
    </p>
   </div>
   <div class='ocr_carea' id='block_1_7' title="bbox 258 680 1778 759">
    <p class='ocr_par' dir='ltr' id='par_1_7' title="bbox 258 680 1778 759">
     <span class='ocr_line' id='line_1_7' title="bbox 258 680 1778 759; baseline 0.005 -26"><span class='ocrx_word' id='word_1_30' title='bbox 258 680 363 747; x_wconf 68' lang='grc' dir='ltr'>λγθ.</span> <span class='ocrx_word' id='word_1_31' title='bbox 419 683 731 756; x_wconf 81' lang='grc' dir='ltr'><strong>Ἀμφότεροι</strong></span> <span class='ocrx_word' id='word_1_32' title='bbox 766 686 833 738; x_wconf 81' lang='grc' dir='ltr'>τὰ</span> <span class='ocrx_word' id='word_1_33' title='bbox 862 684 993 751; x_wconf 81' lang='grc' dir='ltr'>ξύλα</span> <span class='ocrx_word' id='word_1_34' title='bbox 1024 688 1165 741; x_wconf 72' lang='grc' dir='ltr'>κατὰ</span> <span class='ocrx_word' id='word_1_35' title='bbox 1198 688 1297 758; x_wconf 84' lang='grc' dir='ltr'>τὴν</span> <span class='ocrx_word' id='word_1_36' title='bbox 1328 688 1574 759; x_wconf 83' lang='grc' dir='ltr'>Γραφὴν,</span> <span class='ocrx_word' id='word_1_37' title='bbox 1615 685 1778 740; x_wconf 87' lang='grc' dir='ltr'>τινῶν</span> 
     </span>
    </p>
   </div>
   <div class='ocr_carea' id='block_1_8' title="bbox 186 771 1777 850">
    <p class='ocr_par' dir='ltr' id='par_1_8' title="bbox 186 771 1777 850">
     <span class='ocr_line' id='line_1_8' title="bbox 186 771 1777 850; baseline 0.004 -26"><span class='ocrx_word' id='word_1_38' title='bbox 186 771 298 825; x_wconf 87' lang='grc' dir='ltr'>εἰσι</span> <span class='ocrx_word' id='word_1_39' title='bbox 330 772 666 846; x_wconf 74' lang='grc' dir='ltr'><strong>διακριτικὰ,</strong></span> <span class='ocrx_word' id='word_1_40' title='bbox 715 777 885 848; x_wconf 72' lang='grc' dir='ltr'>ἤγουν</span> <span class='ocrx_word' id='word_1_41' title='bbox 913 780 942 830; x_wconf 86' lang='grc' dir='ltr'><strong>ὀ</strong></span> <span class='ocrx_word' id='word_1_42' title='bbox 969 778 1095 840; x_wconf 81' lang='grc' dir='ltr'>νοῦς</span> <span class='ocrx_word' id='word_1_43' title='bbox 1133 781 1228 833; x_wconf 76' lang='grc' dir='ltr'>καὶ</span> <span class='ocrx_word' id='word_1_44' title='bbox 1257 781 1292 850; x_wconf 83' lang='grc' dir='ltr'>ὴ</span> <span class='ocrx_word' id='word_1_45' title='bbox 1328 778 1578 850; x_wconf 74' lang='grc' dir='ltr'>αἴσθησις</span> <span class='ocrx_word' id='word_1_46' title='bbox 1599 795 1612 809; x_wconf 86' lang='grc'><strong>·</strong></span> <span class='ocrx_word' id='word_1_47' title='bbox 1644 774 1777 843; x_wconf 72' lang='grc' dir='ltr'>οἷον,</span> 
     </span>
    </p>
   </div>
   <div class='ocr_carea' id='block_1_9' title="bbox 187 866 1781 942">
    <p class='ocr_par' dir='ltr' id='par_1_9' title="bbox 187 866 1781 942">
     <span class='ocr_line' id='line_1_9' title="bbox 187 866 1781 942; baseline 0.002 -23"><span class='ocrx_word' id='word_1_48' title='bbox 187 869 216 919; x_wconf 90' lang='grc' dir='ltr'><strong>ὀ</strong></span> <span class='ocrx_word' id='word_1_49' title='bbox 255 866 359 937; x_wconf 81' lang='grc' dir='ltr'>μὲν</span> <span class='ocrx_word' id='word_1_50' title='bbox 390 868 533 932; x_wconf 78' lang='grc' dir='ltr'>νοῦς,</span> <span class='ocrx_word' id='word_1_51' title='bbox 585 868 699 939; x_wconf 78' lang='grc' dir='ltr'>ἔχει</span> <span class='ocrx_word' id='word_1_52' title='bbox 745 870 974 942; x_wconf 90' lang='grc' dir='ltr'>δύναμιν</span> <span class='ocrx_word' id='word_1_53' title='bbox 1022 871 1388 942; x_wconf 79' lang='grc' dir='ltr'>διακριτικὴν,</span> <span class='ocrx_word' id='word_1_54' title='bbox 1436 869 1642 940; x_wconf 83' lang='grc' dir='ltr'>νοητῶν</span> <span class='ocrx_word' id='word_1_55' title='bbox 1686 870 1781 923; x_wconf 75' lang='grc' dir='ltr'><strong>καὶ</strong></span> 
     </span>
    </p>
   </div>
   <div class='ocr_carea' id='block_1_10' title="bbox 187 959 1778 1033">
    <p class='ocr_par' dir='ltr' id='par_1_10' title="bbox 187 959 1778 1033">
     <span class='ocr_line' id='line_1_10' title="bbox 187 959 1778 1033; baseline 0.002 -22"><span class='ocrx_word' id='word_1_56' title='bbox 187 959 489 1029; x_wconf 79' lang='grc' dir='ltr'><strong>αἰσθητῶν,</strong></span> <span class='ocrx_word' id='word_1_57' title='bbox 520 961 873 1032; x_wconf 86' lang='grc' dir='ltr'>προσκαίρων</span> <span class='ocrx_word' id='word_1_58' title='bbox 918 964 1012 1015; x_wconf 72' lang='grc' dir='ltr'><strong>καὶ</strong></span> <span class='ocrx_word' id='word_1_59' title='bbox 1049 962 1315 1017; x_wconf 87' lang='grc' dir='ltr'>αἰωνίων·</span> <span class='ocrx_word' id='word_1_60' title='bbox 1354 962 1555 1033; x_wconf 79' lang='grc' dir='ltr'>μᾶλλον</span> <span class='ocrx_word' id='word_1_61' title='bbox 1587 962 1643 1015; x_wconf 86' lang='grc' dir='ltr'><strong>δέ</strong></span> <span class='ocrx_word' id='word_1_62' title='bbox 1674 961 1778 1032; x_wconf 78' lang='grc' dir='ltr'><strong>ψυο</strong></span> 
     </span>
    </p>
   </div>
   <div class='ocr_carea' id='block_1_11' title="bbox 187 1052 1783 1126">
    <p class='ocr_par' dir='ltr' id='par_1_11' title="bbox 187 1052 1783 1126">
     <span class='ocr_line' id='line_1_11' title="bbox 187 1052 1783 1126; baseline 0.001 -19"><span class='ocrx_word' id='word_1_63' title='bbox 187 1053 296 1122; x_wconf 86' lang='grc' dir='ltr'><strong>χῆς</strong></span> <span class='ocrx_word' id='word_1_64' title='bbox 333 1052 593 1124; x_wconf 79' lang='grc' dir='ltr'>ὑπάρχων</span> <span class='ocrx_word' id='word_1_65' title='bbox 638 1053 872 1126; x_wconf 86' lang='grc' dir='ltr'>δύναμις</span> <span class='ocrx_word' id='word_1_66' title='bbox 918 1054 1255 1126; x_wconf 81' lang='grc' dir='ltr'>διακριτικὴ,</span> <span class='ocrx_word' id='word_1_67' title='bbox 1296 1055 1406 1108; x_wconf 89' lang='grc' dir='ltr'><strong>τῶν</strong></span> <span class='ocrx_word' id='word_1_68' title='bbox 1441 1055 1563 1125; x_wconf 79' lang='grc' dir='ltr'>μὲν,</span> <span class='ocrx_word' id='word_1_69' title='bbox 1610 1055 1783 1125; x_wconf 81' lang='grc' dir='ltr'>αὐτὴν</span> 
     </span>
    </p>
   </div>
   <div class='ocr_carea' id='block_1_12' title="bbox 186 1145 1782 1220">
    <p class='ocr_par' dir='ltr' id='par_1_12' title="bbox 186 1145 1782 1220">
     <span class='ocr_line' id='line_1_12' title="bbox 186 1145 1782 1220; baseline 0.003 -24"><span class='ocrx_word' id='word_1_70' title='bbox 186 1145 517 1215; x_wconf 80' lang='grc' dir='ltr'><strong>ἀντέχεσθαι</strong></span> <span class='ocrx_word' id='word_1_71' title='bbox 568 1145 774 1198; x_wconf 85' lang='grc' dir='ltr'>πείθει·</span> <span class='ocrx_word' id='word_1_72' title='bbox 816 1146 928 1199; x_wconf 89' lang='grc' dir='ltr'><strong>τῶν</strong></span> <span class='ocrx_word' id='word_1_73' title='bbox 975 1148 1055 1213; x_wconf 71' lang='grc' dir='ltr'><strong>δὲ,</strong></span> <span class='ocrx_word' id='word_1_74' title='bbox 1124 1148 1543 1220; x_wconf 88' lang='grc' dir='ltr'>ὑπεραίρεσθαι.</span> <span class='ocrx_word' id='word_1_75' title='bbox 1603 1148 1670 1201; x_wconf 89' lang='grc' dir='ltr'><strong><em>Ἥ</em></strong></span> <span class='ocrx_word' id='word_1_76' title='bbox 1724 1148 1782 1202; x_wconf 85' lang='grc' dir='ltr'>δὲ</span> 
     </span>
    </p>
   </div>
   <div class='ocr_carea' id='block_1_13' title="bbox 186 1236 1785 1311">
    <p class='ocr_par' dir='ltr' id='par_1_13' title="bbox 186 1236 1785 1311">
     <span class='ocr_line' id='line_1_13' title="bbox 186 1236 1785 1311; baseline 0.001 -20"><span class='ocrx_word' id='word_1_77' title='bbox 186 1236 449 1307; x_wconf 84' lang='grc' dir='ltr'>αἴσθησις</span> <span class='ocrx_word' id='word_1_78' title='bbox 494 1237 608 1309; x_wconf 77' lang='grc' dir='ltr'>ἔχει</span> <span class='ocrx_word' id='word_1_79' title='bbox 646 1237 878 1309; x_wconf 87' lang='grc' dir='ltr'>δύναμιν</span> <span class='ocrx_word' id='word_1_80' title='bbox 909 1239 1253 1311; x_wconf 78' lang='grc' dir='ltr'>διακριτικὴν</span> <span class='ocrx_word' id='word_1_81' title='bbox 1283 1239 1478 1311; x_wconf 83' lang='grc' dir='ltr'>ἡδονῆς</span> <span class='ocrx_word' id='word_1_82' title='bbox 1516 1240 1785 1311; x_wconf 84' lang='grc' dir='ltr'>σωμάτων</span> 
     </span>
    </p>
   </div>
   <div class='ocr_carea' id='block_1_14' title="bbox 188 1328 1786 1401">
    <p class='ocr_par' dir='ltr' id='par_1_14' title="bbox 188 1328 1786 1401">
     <span class='ocr_line' id='line_1_14' title="bbox 188 1328 1786 1401; baseline 0.001 -20"><span class='ocrx_word' id='word_1_83' title='bbox 188 1330 290 1381; x_wconf 66' lang='grc' dir='ltr'>καὶ</span> <span class='ocrx_word' id='word_1_84' title='bbox 316 1328 510 1398; x_wconf 82' lang='grc' dir='ltr'>ὀδύνης</span> <span class='ocrx_word' id='word_1_85' title='bbox 530 1345 543 1359; x_wconf 74' lang='grc'><strong><em>⁸</em></strong></span> <span class='ocrx_word' id='word_1_86' title='bbox 579 1330 782 1399; x_wconf 81' lang='grc' dir='ltr'>μᾶλλον</span> <span class='ocrx_word' id='word_1_87' title='bbox 809 1330 865 1383; x_wconf 85' lang='grc' dir='ltr'><strong>δὲ</strong></span> <span class='ocrx_word' id='word_1_88' title='bbox 903 1329 1134 1400; x_wconf 87' lang='grc' dir='ltr'>δύναμις</span> <span class='ocrx_word' id='word_1_89' title='bbox 1156 1330 1479 1401; x_wconf 81' lang='grc' dir='ltr'>ὑπάρχουσα</span> <span class='ocrx_word' id='word_1_90' title='bbox 1528 1330 1786 1401; x_wconf 78' lang='grc' dir='ltr'>ἐμψύχων</span> 
     </span>
    </p>
   </div>
   <div class='ocr_carea' id='block_1_15' title="bbox 188 1420 1788 1493">
    <p class='ocr_par' dir='ltr' id='par_1_15' title="bbox 188 1420 1788 1493">
     <span class='ocr_line' id='line_1_15' title="bbox 188 1420 1788 1493; baseline 0.001 -20"><span class='ocrx_word' id='word_1_91' title='bbox 188 1421 291 1474; x_wconf 71' lang='grc' dir='ltr'><strong>καὶ</strong></span> <span class='ocrx_word' id='word_1_92' title='bbox 326 1420 663 1491; x_wconf 77' lang='grc' dir='ltr'>αἰσθητικῶν</span> <span class='ocrx_word' id='word_1_93' title='bbox 707 1422 1002 1490; x_wconf 87' lang='grc' dir='ltr'>σωμάτων,</span> <span class='ocrx_word' id='word_1_94' title='bbox 1032 1420 1131 1493; x_wconf 80' lang='grc' dir='ltr'>τὴν</span> <span class='ocrx_word' id='word_1_95' title='bbox 1173 1422 1269 1491; x_wconf 83' lang='grc' dir='ltr'>μὲν</span> <span class='ocrx_word' id='word_1_96' title='bbox 1316 1420 1513 1493; x_wconf 78' lang='grc' dir='ltr'>ἡδονὴν</span> <span class='ocrx_word' id='word_1_97' title='bbox 1550 1422 1788 1478; x_wconf 83' lang='grc' dir='ltr'>ἐπισπᾶ-</span> 
     </span>
    </p>
   </div>
   <div class='ocr_carea' id='block_1_16' title="bbox 190 1511 1478 1587">
    <p class='ocr_par' dir='ltr' id='par_1_16' title="bbox 190 1511 1478 1587">
     <span class='ocr_line' id='line_1_16' title="bbox 190 1511 1478 1587; baseline 0.003 -22"><span class='ocrx_word' id='word_1_98' title='bbox 190 1511 323 1568; x_wconf 83' lang='grc' dir='ltr'>σθαι</span> <span class='ocrx_word' id='word_1_99' title='bbox 353 1513 553 1579; x_wconf 81' lang='grc' dir='ltr'>πείθει,</span> <span class='ocrx_word' id='word_1_100' title='bbox 583 1513 683 1584; x_wconf 86' lang='grc' dir='ltr'><strong>τὴν</strong></span> <span class='ocrx_word' id='word_1_101' title='bbox 715 1514 774 1567; x_wconf 84' lang='grc' dir='ltr'>δὲ</span> <span class='ocrx_word' id='word_1_102' title='bbox 805 1514 998 1587; x_wconf 85' lang='grc' dir='ltr'>ὀδύνην</span> <span class='ocrx_word' id='word_1_103' title='bbox 1028 1515 1478 1586; x_wconf 86' lang='grc' dir='ltr'>ἀποπέμπεσθαι.</span> 
     </span>
    </p>
   </div>
   <div class='ocr_carea' id='block_1_17' title="bbox 266 1776 1788 1852">
    <p class='ocr_par' dir='ltr' id='par_1_17' title="bbox 266 1776 1788 1852">
     <span class='ocr_line' id='line_1_17' title="bbox 266 1776 1788 1852; baseline 0.003 -23"><span class='ocrx_word' id='word_1_104' title='bbox 266 1776 364 1831; x_wconf 91' lang='grc' dir='ltr'>λδ’.</span> <span class='ocrx_word' id='word_1_105' title='bbox 408 1778 469 1832; x_wconf 86' lang='grc'><strong>’0</strong></span> <span class='ocrx_word' id='word_1_106' title='bbox 501 1777 807 1850; x_wconf 77' lang='grc' dir='ltr'>ἄνθρωπος,</span> <span class='ocrx_word' id='word_1_107' title='bbox 844 1780 940 1833; x_wconf 85' lang='grc' dir='ltr'>ἐὰν</span> <span class='ocrx_word' id='word_1_108' title='bbox 974 1781 1070 1850; x_wconf 84' lang='grc' dir='ltr'><strong>μὲν</strong></span> <span class='ocrx_word' id='word_1_109' title='bbox 1101 1781 1268 1850; x_wconf 83' lang='grc' dir='ltr'>μόνης</span> <span class='ocrx_word' id='word_1_110' title='bbox 1312 1781 1410 1849; x_wconf 86' lang='grc' dir='ltr'><strong>τῆς</strong></span> <span class='ocrx_word' id='word_1_111' title='bbox 1439 1781 1560 1835; x_wconf 83' lang='grc' dir='ltr'>καθ’</span> <span class='ocrx_word' id='word_1_112' title='bbox 1591 1783 1788 1852; x_wconf 81' lang='grc' dir='ltr'>ἡδονὴν</span> 
     </span>
    </p>
   </div>
   <div class='ocr_carea' id='block_1_18' title="bbox 193 1853 1863 1942">
    <p class='ocr_par' dir='ltr' id='par_1_18' title="bbox 193 1853 1863 1942">
     <span class='ocr_line' id='line_1_18' title="bbox 193 1853 1863 1942; baseline 0.002 -21"><span class='ocrx_word' id='word_1_113' title='bbox 193 1869 295 1921; x_wconf 71' lang='grc' dir='ltr'><strong>καὶ</strong></span> <span class='ocrx_word' id='word_1_114' title='bbox 327 1867 521 1939; x_wconf 87' lang='grc' dir='ltr'>ὀδύνην</span> <span class='ocrx_word' id='word_1_115' title='bbox 548 1869 870 1941; x_wconf 85' lang='grc' dir='ltr'>αἰσθητικῆς</span> <span class='ocrx_word' id='word_1_116' title='bbox 902 1870 1009 1924; x_wconf 88' lang='grc' dir='ltr'><strong>τῶν</strong></span> <span class='ocrx_word' id='word_1_117' title='bbox 1034 1872 1302 1941; x_wconf 87' lang='grc' dir='ltr'>σωμάτων</span> <span class='ocrx_word' id='word_1_118' title='bbox 1325 1871 1549 1942; x_wconf 87' lang='grc' dir='ltr'>γένηται</span> <span class='ocrx_word' id='word_1_119' title='bbox 1576 1872 1788 1942; x_wconf 89' lang='grc' dir='ltr'>διακρί-</span> <span class='ocrx_word' id='word_1_120' title='bbox 1820 1853 1863 1909; x_wconf 72' lang='grc' dir='ltr'><strong>Β</strong></span> 
     </span>
    </p>
   </div>
   <div class='ocr_carea' id='block_1_19' title="bbox 196 1963 1788 2035">
    <p class='ocr_par' dir='ltr' id='par_1_19' title="bbox 196 1963 1788 2035">
     <span class='ocr_line' id='line_1_19' title="bbox 196 1963 1788 2035; baseline 0.003 -22"><span class='ocrx_word' id='word_1_121' title='bbox 196 1979 363 2025; x_wconf 88' lang='grc' dir='ltr'>σεως,</span> <span class='ocrx_word' id='word_1_122' title='bbox 413 1963 513 2032; x_wconf 77' lang='grc' dir='ltr'>τὴν</span> <span class='ocrx_word' id='word_1_123' title='bbox 548 1964 698 2015; x_wconf 68' lang='grc' dir='ltr'>θείαν</span> <span class='ocrx_word' id='word_1_124' title='bbox 732 1964 989 2035; x_wconf 74' lang='grc' dir='ltr'>παραϐὰς</span> <span class='ocrx_word' id='word_1_125' title='bbox 1039 1964 1278 2033; x_wconf 83' lang='grc' dir='ltr'>ἐντολὴν,</span> <span class='ocrx_word' id='word_1_126' title='bbox 1317 1964 1485 2018; x_wconf 81' lang='grc' dir='ltr'>ἐσθίει</span> <span class='ocrx_word' id='word_1_127' title='bbox 1527 1966 1589 2018; x_wconf 83' lang='grc' dir='ltr'><strong>τὸ</strong></span> <span class='ocrx_word' id='word_1_128' title='bbox 1634 1964 1788 2030; x_wconf 78' lang='grc' dir='ltr'>ξύλον</span> 
     </span>
    </p>
   </div>
   <div class='ocr_carea' id='block_1_20' title="bbox 196 2053 1789 2128">
    <p class='ocr_par' dir='ltr' id='par_1_20' title="bbox 196 2053 1789 2128">
     <span class='ocr_line' id='line_1_20' title="bbox 196 2053 1789 2128; baseline 0.004 -24"><span class='ocrx_word' id='word_1_129' title='bbox 196 2053 267 2104; x_wconf 61' lang='grc' dir='ltr'><strong>τὸ</strong></span> <span class='ocrx_word' id='word_1_130' title='bbox 298 2053 539 2120; x_wconf 80' lang='grc' dir='ltr'>γνωστὸν</span> <span class='ocrx_word' id='word_1_131' title='bbox 577 2054 744 2107; x_wconf 82' lang='grc' dir='ltr'>καλοῦ</span> <span class='ocrx_word' id='word_1_132' title='bbox 778 2056 872 2108; x_wconf 79' lang='grc' dir='ltr'>καὶ</span> <span class='ocrx_word' id='word_1_133' title='bbox 905 2057 1144 2125; x_wconf 77' lang='grc' dir='ltr'>πονηροῦ</span> <span class='ocrx_word' id='word_1_134' title='bbox 1166 2075 1178 2087; x_wconf 74' lang='grc'><strong><em>³</em></strong></span> <span class='ocrx_word' id='word_1_135' title='bbox 1214 2058 1482 2121; x_wconf 78' lang='grc' dir='ltr'><strong>τουτέστι,</strong></span> <span class='ocrx_word' id='word_1_136' title='bbox 1525 2059 1626 2128; x_wconf 84' lang='grc' dir='ltr'><strong>τὴν</strong></span> <span class='ocrx_word' id='word_1_137' title='bbox 1669 2058 1789 2111; x_wconf 81' lang='grc' dir='ltr'>κατ’</span> 
     </span>
    </p>
   </div>
   <div class='ocr_carea' id='block_1_21' title="bbox 196 2144 1791 2222">
    <p class='ocr_par' dir='ltr' id='par_1_21' title="bbox 196 2144 1791 2222">
     <span class='ocr_line' id='line_1_21' title="bbox 196 2144 1791 2222; baseline 0.004 -25"><span class='ocrx_word' id='word_1_138' title='bbox 196 2144 460 2215; x_wconf 82' lang='grc' dir='ltr'>αἴσθησιν</span> <span class='ocrx_word' id='word_1_139' title='bbox 507 2147 760 2213; x_wconf 77' lang='grc' dir='ltr'>ἀλογίαν·</span> <span class='ocrx_word' id='word_1_140' title='bbox 800 2148 936 2218; x_wconf 75' lang='grc' dir='ltr'>ἔχων</span> <span class='ocrx_word' id='word_1_141' title='bbox 985 2150 1152 2220; x_wconf 84' lang='grc' dir='ltr'>μόνην</span> <span class='ocrx_word' id='word_1_142' title='bbox 1181 2152 1278 2222; x_wconf 82' lang='grc' dir='ltr'><strong>τὴν</strong></span> <span class='ocrx_word' id='word_1_143' title='bbox 1327 2152 1657 2222; x_wconf 85' lang='grc' dir='ltr'>συστατικὴν</span> <span class='ocrx_word' id='word_1_144' title='bbox 1684 2152 1791 2204; x_wconf 90' lang='grc' dir='ltr'><strong>τῶν</strong></span> 
     </span>
    </p>
   </div>
   <div class='ocr_carea' id='block_1_22' title="bbox 200 2238 1790 2313">
    <p class='ocr_par' dir='ltr' id='par_1_22' title="bbox 200 2238 1790 2313">
     <span class='ocr_line' id='line_1_22' title="bbox 200 2238 1790 2313; baseline 0.006 -25"><span class='ocrx_word' id='word_1_145' title='bbox 200 2238 478 2306; x_wconf 89' lang='grc' dir='ltr'>σωμάτων</span> <span class='ocrx_word' id='word_1_146' title='bbox 524 2238 835 2310; x_wconf 77' lang='grc' dir='ltr'>διάκρισιν,</span> <span class='ocrx_word' id='word_1_147' title='bbox 885 2241 1007 2294; x_wconf 74' lang='grc' dir='ltr'>καθ’</span> <span class='ocrx_word' id='word_1_148' title='bbox 1056 2244 1145 2312; x_wconf 84' lang='grc' dir='ltr'>ἣν,</span> <span class='ocrx_word' id='word_1_149' title='bbox 1190 2242 1266 2306; x_wconf 83' lang='grc' dir='ltr'>ὡς</span> <span class='ocrx_word' id='word_1_150' title='bbox 1320 2241 1417 2313; x_wconf 83' lang='grc' dir='ltr'>μὲν</span> <span class='ocrx_word' id='word_1_151' title='bbox 1460 2242 1651 2305; x_wconf 82' lang='grc' dir='ltr'>καλοῦ,</span> <span class='ocrx_word' id='word_1_152' title='bbox 1691 2243 1790 2313; x_wconf 86' lang='grc' dir='ltr'><strong>τῆς</strong></span> 
     </span>
    </p>
   </div>
   <div class='ocr_carea' id='block_1_23' title="bbox 202 2330 1793 2405">
    <p class='ocr_par' dir='ltr' id='par_1_23' title="bbox 202 2330 1793 2405">
     <span class='ocr_line' id='line_1_23' title="bbox 202 2330 1793 2405; baseline 0.003 -22"><span class='ocrx_word' id='word_1_153' title='bbox 202 2330 401 2399; x_wconf 79' lang='grc' dir='ltr'>ἡδονῆς</span> <span class='ocrx_word' id='word_1_154' title='bbox 432 2331 716 2400; x_wconf 81' lang='grc' dir='ltr'>ἀντέχεται</span> <span class='ocrx_word' id='word_1_155' title='bbox 738 2349 749 2361; x_wconf 89' lang='grc'><strong>·</strong></span> <span class='ocrx_word' id='word_1_156' title='bbox 790 2335 862 2396; x_wconf 83' lang='grc' dir='ltr'>ὡς</span> <span class='ocrx_word' id='word_1_157' title='bbox 904 2334 957 2385; x_wconf 86' lang='grc' dir='ltr'>δὲ</span> <span class='ocrx_word' id='word_1_158' title='bbox 994 2334 1188 2398; x_wconf 82' lang='grc' dir='ltr'>κακοῦ,</span> <span class='ocrx_word' id='word_1_159' title='bbox 1228 2335 1327 2405; x_wconf 90' lang='grc' dir='ltr'><strong>τῆς</strong></span> <span class='ocrx_word' id='word_1_160' title='bbox 1352 2334 1546 2403; x_wconf 76' lang='grc' dir='ltr'>ὀδύνης</span> <span class='ocrx_word' id='word_1_161' title='bbox 1579 2336 1793 2405; x_wconf 82' lang='grc' dir='ltr'>ἀπέχε-</span> 
     </span>
    </p>
   </div>
   <div class='ocr_carea' id='block_1_24' title="bbox 199 2424 1795 2499">
    <p class='ocr_par' dir='ltr' id='par_1_24' title="bbox 199 2424 1795 2499">
     <span class='ocr_line' id='line_1_24' title="bbox 199 2424 1795 2499; baseline 0.003 -25"><span class='ocrx_word' id='word_1_162' title='bbox 199 2441 317 2477; x_wconf 86' lang='grc' dir='ltr'>ται.</span> <span class='ocrx_word' id='word_1_163' title='bbox 366 2424 493 2478; x_wconf 71' lang='grc' dir='ltr'><strong>Ἐὰν</strong></span> <span class='ocrx_word' id='word_1_164' title='bbox 535 2425 592 2477; x_wconf 85' lang='grc' dir='ltr'><strong>δὲ</strong></span> <span class='ocrx_word' id='word_1_165' title='bbox 643 2424 813 2493; x_wconf 78' lang='grc' dir='ltr'>μόνης</span> <span class='ocrx_word' id='word_1_166' title='bbox 835 2428 933 2495; x_wconf 78' lang='grc' dir='ltr'><strong>τῆς</strong></span> <span class='ocrx_word' id='word_1_167' title='bbox 973 2426 1085 2479; x_wconf 90' lang='grc' dir='ltr'><strong>τῶν</strong></span> <span class='ocrx_word' id='word_1_168' title='bbox 1134 2427 1368 2480; x_wconf 79' lang='grc' dir='ltr'>αἰωνίων</span> <span class='ocrx_word' id='word_1_169' title='bbox 1412 2428 1795 2499; x_wconf 82' lang='grc' dir='ltr'>διακρινούσης</span> 
     </span>
    </p>
   </div>
   <div class='ocr_carea' id='block_1_25' title="bbox 201 2514 1793 2591">
    <p class='ocr_par' dir='ltr' id='par_1_25' title="bbox 201 2514 1793 2591">
     <span class='ocr_line' id='line_1_25' title="bbox 201 2514 1793 2591; baseline 0.005 -25"><span class='ocrx_word' id='word_1_170' title='bbox 201 2514 281 2566; x_wconf 81' lang='grc' dir='ltr'>τὰ</span> <span class='ocrx_word' id='word_1_171' title='bbox 320 2515 631 2585; x_wconf 73' lang='grc' dir='ltr'>πρόσκαιρα</span> <span class='ocrx_word' id='word_1_172' title='bbox 675 2516 742 2569; x_wconf 88' lang='grc' dir='ltr'>δι’</span> <span class='ocrx_word' id='word_1_173' title='bbox 774 2518 900 2570; x_wconf 83' lang='grc' dir='ltr'>ὅλου</span> <span class='ocrx_word' id='word_1_174' title='bbox 940 2518 1166 2588; x_wconf 88' lang='grc' dir='ltr'>γένηται</span> <span class='ocrx_word' id='word_1_175' title='bbox 1214 2522 1405 2588; x_wconf 83' lang='grc' dir='ltr'>νοερᾶς</span> <span class='ocrx_word' id='word_1_176' title='bbox 1449 2520 1793 2591; x_wconf 84' lang='grc' dir='ltr'>διακρίσεως,</span> 
     </span>
    </p>
   </div>
   <div class='ocr_carea' id='block_1_26' title="bbox 202 2606 1792 2681">
    <p class='ocr_par' dir='ltr' id='par_1_26' title="bbox 202 2606 1792 2681">
     <span class='ocr_line' id='line_1_26' title="bbox 202 2606 1792 2681; baseline 0.006 -26"><span class='ocrx_word' id='word_1_177' title='bbox 202 2606 309 2675; x_wconf 83' lang='grc' dir='ltr'>τὴν</span> <span class='ocrx_word' id='word_1_178' title='bbox 332 2606 482 2659; x_wconf 81' lang='grc' dir='ltr'>θείαν</span> <span class='ocrx_word' id='word_1_179' title='bbox 505 2607 745 2674; x_wconf 77' lang='grc' dir='ltr'>φυλάξας</span> <span class='ocrx_word' id='word_1_180' title='bbox 771 2608 1015 2677; x_wconf 76' lang='grc' dir='ltr'>ἐντολὴν,</span> <span class='ocrx_word' id='word_1_181' title='bbox 1044 2610 1216 2663; x_wconf 80' lang='grc' dir='ltr'>ἐσθίει</span> <span class='ocrx_word' id='word_1_182' title='bbox 1241 2611 1298 2662; x_wconf 85' lang='grc' dir='ltr'><strong>τὸ</strong></span> <span class='ocrx_word' id='word_1_183' title='bbox 1319 2610 1476 2676; x_wconf 78' lang='grc' dir='ltr'>ξύλον</span> <span class='ocrx_word' id='word_1_184' title='bbox 1496 2612 1593 2681; x_wconf 86' lang='grc' dir='ltr'><strong>τῆς</strong></span> <span class='ocrx_word' id='word_1_185' title='bbox 1616 2611 1758 2680; x_wconf 76' lang='grc' dir='ltr'>ζωῆς</span> <span class='ocrx_word' id='word_1_186' title='bbox 1778 2630 1792 2643; x_wconf 93' lang='grc'><strong>·</strong></span> 
     </span>
    </p>
   </div>
   <div class='ocr_carea' id='block_1_27' title="bbox 203 2689 1797 2775">
    <p class='ocr_par' dir='ltr' id='par_1_27' title="bbox 203 2689 1797 2775">
     <span class='ocr_line' id='line_1_27' title="bbox 203 2689 1797 2775; baseline 0.004 -24"><span class='ocrx_word' id='word_1_187' title='bbox 203 2698 309 2768; x_wconf 83' lang='grc' dir='ltr'>τὴν</span> <span class='ocrx_word' id='word_1_188' title='bbox 359 2700 499 2753; x_wconf 84' lang='grc' dir='ltr'>κατὰ</span> <span class='ocrx_word' id='word_1_189' title='bbox 537 2699 661 2752; x_wconf 80' lang='grc' dir='ltr'>νοῦν</span> <span class='ocrx_word' id='word_1_190' title='bbox 714 2699 859 2767; x_wconf 84' lang='grc' dir='ltr'>λέγω</span> <span class='ocrx_word' id='word_1_191' title='bbox 910 2703 1308 2772; x_wconf 82' lang='grc' dir='ltr'>συνισταμένην</span> <span class='ocrx_word' id='word_1_192' title='bbox 1358 2703 1579 2770; x_wconf 69' lang='grc' dir='ltr'>σοφίαν·</span> <span class='ocrx_word' id='word_1_193' title='bbox 1628 2689 1797 2775; x_wconf 79' lang='grc' dir='ltr'>μόνην</span> 
     </span>
    </p>
   </div>
   <div class='ocr_carea' id='block_1_28' title="bbox 204 2789 1796 2865">
    <p class='ocr_par' dir='ltr' id='par_1_28' title="bbox 204 2789 1796 2865">
     <span class='ocr_line' id='line_1_28' title="bbox 204 2789 1796 2865; baseline 0.003 -25"><span class='ocrx_word' id='word_1_194' title='bbox 204 2789 350 2857; x_wconf 76' lang='grc' dir='ltr'>ἔχων</span> <span class='ocrx_word' id='word_1_195' title='bbox 381 2789 477 2859; x_wconf 84' lang='grc' dir='ltr'>τὴν</span> <span class='ocrx_word' id='word_1_196' title='bbox 507 2792 840 2860; x_wconf 74' lang='grc' dir='ltr'>συστατικὴν</span> <span class='ocrx_word' id='word_1_197' title='bbox 878 2794 976 2860; x_wconf 81' lang='grc' dir='ltr'><strong>τῆς</strong></span> <span class='ocrx_word' id='word_1_198' title='bbox 1005 2793 1185 2863; x_wconf 80' lang='grc' dir='ltr'>ψυχῆς</span> <span class='ocrx_word' id='word_1_199' title='bbox 1213 2792 1487 2864; x_wconf 83' lang='grc' dir='ltr'>διάκρισιν</span> <span class='ocrx_word' id='word_1_200' title='bbox 1506 2810 1519 2823; x_wconf 72' lang='grc'><strong><em>⁸</em></strong></span> <span class='ocrx_word' id='word_1_201' title='bbox 1556 2794 1679 2847; x_wconf 81' lang='grc' dir='ltr'>καθ’</span> <span class='ocrx_word' id='word_1_202' title='bbox 1708 2795 1796 2865; x_wconf 76' lang='grc' dir='ltr'>ἣν,</span> 
     </span>
    </p>
   </div>
   <div class='ocr_carea' id='block_1_29' title="bbox 203 2879 1794 2958">
    <p class='ocr_par' dir='ltr' id='par_1_29' title="bbox 203 2879 1794 2958">
     <span class='ocr_line' id='line_1_29' title="bbox 203 2879 1794 2958; baseline 0.005 -27"><span class='ocrx_word' id='word_1_203' title='bbox 203 2879 285 2941; x_wconf 79' lang='grc' dir='ltr'><strong>ὡς</strong></span> <span class='ocrx_word' id='word_1_204' title='bbox 335 2882 433 2949; x_wconf 84' lang='grc' dir='ltr'>μὲν</span> <span class='ocrx_word' id='word_1_205' title='bbox 482 2881 676 2944; x_wconf 86' lang='grc' dir='ltr'>καλοῦ,</span> <span class='ocrx_word' id='word_1_206' title='bbox 723 2884 821 2953; x_wconf 84' lang='grc' dir='ltr'><strong>τῆς</strong></span> <span class='ocrx_word' id='word_1_207' title='bbox 856 2883 965 2936; x_wconf 86' lang='grc' dir='ltr'><strong>τῶν</strong></span> <span class='ocrx_word' id='word_1_208' title='bbox 1006 2886 1244 2938; x_wconf 81' lang='grc' dir='ltr'>αἰωνίων</span> <span class='ocrx_word' id='word_1_209' title='bbox 1283 2887 1569 2956; x_wconf 79' lang='grc' dir='ltr'>ἀντέχεται</span> <span class='ocrx_word' id='word_1_210' title='bbox 1602 2886 1794 2958; x_wconf 79' lang='grc' dir='ltr'>δόξης·</span> 
     </span>
    </p>
   </div>
   <div class='ocr_carea' id='block_1_30' title="bbox 203 2976 1798 3053">
    <p class='ocr_par' dir='ltr' id='par_1_30' title="bbox 203 2976 1798 3053">
     <span class='ocr_line' id='line_1_30' title="bbox 203 2976 1798 3053; baseline 0.004 -26"><span class='ocrx_word' id='word_1_211' title='bbox 203 2976 315 3038; x_wconf 81' lang='grc' dir='ltr'><strong>ὼς·</strong></span> <span class='ocrx_word' id='word_1_212' title='bbox 364 2976 419 3028; x_wconf 82' lang='grc' dir='ltr'>δὲ</span> <span class='ocrx_word' id='word_1_213' title='bbox 485 2979 695 3042; x_wconf 78' lang='grc' dir='ltr'>κακοῦ,</span> <span class='ocrx_word' id='word_1_214' title='bbox 775 2980 872 3047; x_wconf 84' lang='grc' dir='ltr'><strong>τῆς</strong></span> <span class='ocrx_word' id='word_1_215' title='bbox 935 2980 1044 3034; x_wconf 84' lang='grc' dir='ltr'><strong>τῶν</strong></span> <span class='ocrx_word' id='word_1_216' title='bbox 1123 2981 1473 3053; x_wconf 82' lang='grc' dir='ltr'>προσκαίρων</span> <span class='ocrx_word' id='word_1_217' title='bbox 1536 2982 1798 3051; x_wconf 84' lang='grc' dir='ltr'>ἀπέχεται</span> 
     </span>
    </p>
   </div>
   <div class='ocr_carea' id='block_1_31' title="bbox 209 3067 442 3135">
    <p class='ocr_par' dir='ltr' id='par_1_31' title="bbox 209 3067 442 3135">
     <span class='ocr_line' id='line_1_31' title="bbox 209 3067 442 3135; baseline 0.017 -17"><span class='ocrx_word' id='word_1_218' title='bbox 209 3067 442 3135; x_wconf 76' lang='grc' dir='ltr'>φθορᾶς.</span> 
     </span>
    </p>
   </div>
   <div class='ocr_carea' id='block_1_32' title="bbox 1881 596 2826 657">
    <p class='ocr_par' dir='ltr' id='par_1_32' title="bbox 1881 596 2826 657">
     <span class='ocr_line' id='line_1_32' title="bbox 1881 596 2826 657; baseline 0.006 -9"><span class='ocrx_word' id='word_1_219' title='bbox 1881 603 1987 657; x_wconf 90' lang='lat' dir='ltr'><strong>ret,</strong></span> <span class='ocrx_word' id='word_1_220' title='bbox 2035 596 2356 651; x_wconf 90' lang='lat' dir='ltr'><strong>mandatum</strong></span> <span class='ocrx_word' id='word_1_221' title='bbox 2403 613 2514 653; x_wconf 89' lang='lat' dir='ltr'><strong>non</strong></span> <span class='ocrx_word' id='word_1_222' title='bbox 2564 600 2826 654; x_wconf 79' lang='lat' dir='ltr'><strong>servavit.</strong></span> 
     </span>
    </p>
   </div>
   <div class='ocr_carea' id='block_1_33' title="bbox 1950 682 3473 758">
    <p class='ocr_par' dir='ltr' id='par_1_33' title="bbox 1950 682 3473 758">
     <span class='ocr_line' id='line_1_33' title="bbox 1950 682 3473 758; baseline 0.002 -18"><span class='ocrx_word' id='word_1_223' title='bbox 1950 682 2107 754; x_wconf 70' lang='grc'><strong>54],</strong></span> <span class='ocrx_word' id='word_1_224' title='bbox 2158 684 2245 739; x_wconf 76' lang='grc'><strong>55.</strong></span> <span class='ocrx_word' id='word_1_225' title='bbox 2300 686 2607 755; x_wconf 87' lang='lat' dir='ltr'><strong>Utrumque</strong></span> <span class='ocrx_word' id='word_1_226' title='bbox 2658 688 2865 756; x_wconf 82' lang='lat' dir='ltr'><strong>lignum</strong></span> <span class='ocrx_word' id='word_1_227' title='bbox 2922 687 3111 758; x_wconf 86' lang='lat' dir='ltr'><strong>(mens</strong></span> <span class='ocrx_word' id='word_1_228' title='bbox 3157 689 3372 743; x_wconf 91' lang='lat' dir='ltr'><strong>scilicet</strong></span> <span class='ocrx_word' id='word_1_229' title='bbox 3416 700 3473 743; x_wconf 90' lang='lat' dir='ltr'><strong>et</strong></span> 
     </span>
    </p>
   </div>
   <div class='ocr_carea' id='block_1_34' title="bbox 1880 775 3470 848">
    <p class='ocr_par' dir='ltr' id='par_1_34' title="bbox 1880 775 3470 848">
     <span class='ocr_line' id='line_1_34' title="bbox 1880 775 3470 848; baseline 0.003 -20"><span class='ocrx_word' id='word_1_230' title='bbox 1880 775 2095 844; x_wconf 87' lang='lat' dir='ltr'><strong>sensus)</strong></span> <span class='ocrx_word' id='word_1_231' title='bbox 2126 776 2281 845; x_wconf 76' lang='lat' dir='ltr'><strong>juxta</strong></span> <span class='ocrx_word' id='word_1_232' title='bbox 2314 776 2678 847; x_wconf 84' lang='lat' dir='ltr'><strong>Scripturam,</strong></span> <span class='ocrx_word' id='word_1_233' title='bbox 2712 776 2821 830; x_wconf 89' lang='lat' dir='ltr'><strong>vim</strong></span> <span class='ocrx_word' id='word_1_234' title='bbox 2852 779 3221 848; x_wconf 87' lang='lat' dir='ltr'><strong>quorumdam</strong></span> <span class='ocrx_word' id='word_1_235' title='bbox 3257 778 3470 833; x_wconf 81' lang='lat' dir='ltr'><strong>discer-</strong></span> 
     </span>
    </p>
   </div>
   <div class='ocr_carea' id='block_1_35' title="bbox 1881 864 3473 940">
    <p class='ocr_par' dir='ltr' id='par_1_35' title="bbox 1881 864 3473 940">
     <span class='ocr_line' id='line_1_35' title="bbox 1881 864 3473 940; baseline 0.004 -25"><span class='ocrx_word' id='word_1_236' title='bbox 1881 864 2190 918; x_wconf 88' lang='lat' dir='ltr'><strong>nendorum</strong></span> <span class='ocrx_word' id='word_1_237' title='bbox 2224 866 2450 931; x_wconf 90' lang='lat' dir='ltr'><strong>habent,</strong></span> <span class='ocrx_word' id='word_1_238' title='bbox 2476 866 2629 921; x_wconf 86' lang='lat' dir='ltr'><strong>verbi</strong></span> <span class='ocrx_word' id='word_1_239' title='bbox 2661 867 2835 937; x_wconf 83' lang='lat' dir='ltr'><strong>gratia</strong></span> <span class='ocrx_word' id='word_1_240' title='bbox 2868 884 3044 933; x_wconf 88' lang='lat' dir='ltr'><strong>mens,</strong></span> <span class='ocrx_word' id='word_1_241' title='bbox 3071 885 3135 923; x_wconf 86' lang='lat' dir='ltr'><strong>ea</strong></span> <span class='ocrx_word' id='word_1_242' title='bbox 3162 869 3215 922; x_wconf 90' lang='lat' dir='ltr'><strong>vi</strong></span> <span class='ocrx_word' id='word_1_243' title='bbox 3244 868 3473 940; x_wconf 66' lang='lat' dir='ltr'><strong>pra-dita</strong></span> 
     </span>
    </p>
   </div>
   <div class='ocr_carea' id='block_1_36' title="bbox 1881 960 3475 1031">
    <p class='ocr_par' dir='ltr' id='par_1_36' title="bbox 1881 960 3475 1031">
     <span class='ocr_line' id='line_1_36' title="bbox 1881 960 3475 1031; baseline 0.003 -18"><span class='ocrx_word' id='word_1_244' title='bbox 1881 972 2003 1021; x_wconf 75' lang='grc' dir='ltr'>εει,</span> <span class='ocrx_word' id='word_1_245' title='bbox 2039 975 2147 1029; x_wconf 88' lang='lat' dir='ltr'><strong>qua</strong></span> <span class='ocrx_word' id='word_1_246' title='bbox 2182 960 2463 1017; x_wconf 74' lang='lat' dir='ltr'><strong>discernat</strong></span> <span class='ocrx_word' id='word_1_247' title='bbox 2495 979 2617 1031; x_wconf 71' lang='lat' dir='ltr'><strong>quae</strong></span> <span class='ocrx_word' id='word_1_248' title='bbox 2657 963 2761 1018; x_wconf 92' lang='lat' dir='ltr'><strong>sub</strong></span> <span class='ocrx_word' id='word_1_249' title='bbox 2799 964 3142 1018; x_wconf 89' lang='lat' dir='ltr'><strong>intellectum</strong></span> <span class='ocrx_word' id='word_1_250' title='bbox 3182 965 3386 1019; x_wconf 90' lang='lat' dir='ltr'><strong>cadunt</strong></span> <span class='ocrx_word' id='word_1_251' title='bbox 3420 972 3475 1018; x_wconf 91' lang='lat' dir='ltr'><strong>et</strong></span> 
     </span>
    </p>
   </div>
   <div class='ocr_carea' id='block_1_37' title="bbox 1882 1050 3474 1125">
    <p class='ocr_par' dir='ltr' id='par_1_37' title="bbox 1882 1050 3474 1125">
     <span class='ocr_line' id='line_1_37' title="bbox 1882 1050 3474 1125; baseline 0.003 -22"><span class='ocrx_word' id='word_1_252' title='bbox 1882 1065 2006 1119; x_wconf 64' lang='lat' dir='ltr'><strong>quae</strong></span> <span class='ocrx_word' id='word_1_253' title='bbox 2049 1050 2153 1105; x_wconf 90' lang='lat' dir='ltr'><strong>sub</strong></span> <span class='ocrx_word' id='word_1_254' title='bbox 2193 1068 2437 1119; x_wconf 85' lang='lat' dir='ltr'><strong>sensum,</strong></span> <span class='ocrx_word' id='word_1_255' title='bbox 2465 1070 2586 1123; x_wconf 65' lang='lat' dir='ltr'><strong>quae</strong></span> <span class='ocrx_word' id='word_1_256' title='bbox 2626 1064 2977 1125; x_wconf 89' lang='lat' dir='ltr'><strong>temporanca</strong></span> <span class='ocrx_word' id='word_1_257' title='bbox 3014 1064 3070 1109; x_wconf 91' lang='lat' dir='ltr'><strong>et</strong></span> <span class='ocrx_word' id='word_1_258' title='bbox 3107 1071 3228 1125; x_wconf 64' lang='lat' dir='ltr'><strong>qua:</strong></span> <span class='ocrx_word' id='word_1_259' title='bbox 3268 1066 3474 1110; x_wconf 80' lang='lat' dir='ltr'><strong>:eterna</strong></span> 
     </span>
    </p>
   </div>
   <div class='ocr_carea' id='block_1_38' title="bbox 1883 1142 3473 1215">
    <p class='ocr_par' dir='ltr' id='par_1_38' title="bbox 1883 1142 3473 1215">
     <span class='ocr_line' id='line_1_38' title="bbox 1883 1142 3473 1215; baseline 0.001 -20"><span class='ocrx_word' id='word_1_260' title='bbox 1883 1151 2032 1197; x_wconf 92' lang='lat' dir='ltr'><strong>sunt.</strong></span> <span class='ocrx_word' id='word_1_261' title='bbox 2067 1142 2203 1206; x_wconf 91' lang='lat' dir='ltr'><strong>lmo,</strong></span> <span class='ocrx_word' id='word_1_262' title='bbox 2237 1158 2361 1197; x_wconf 91' lang='lat' dir='ltr'><strong>cum</strong></span> <span class='ocrx_word' id='word_1_263' title='bbox 2403 1145 2518 1214; x_wconf 90' lang='lat' dir='ltr'><strong>ipsa</strong></span> <span class='ocrx_word' id='word_1_264' title='bbox 2560 1145 2830 1215; x_wconf 86' lang='lat' dir='ltr'><strong>ejusmodi</strong></span> <span class='ocrx_word' id='word_1_265' title='bbox 2874 1146 3108 1200; x_wconf 83' lang='lat' dir='ltr'><strong>facultas</strong></span> <span class='ocrx_word' id='word_1_266' title='bbox 3147 1145 3344 1198; x_wconf 62' lang='lat' dir='ltr'><strong>anima:</strong></span> <span class='ocrx_word' id='word_1_267' title='bbox 3382 1145 3473 1208; x_wconf 85' lang='lat' dir='ltr'><strong>sit,</strong></span> 
     </span>
    </p>
   </div>
   <div class='ocr_carea' id='block_1_39' title="bbox 1885 1233 3476 1302">
    <p class='ocr_par' dir='ltr' id='par_1_39' title="bbox 1885 1233 3476 1302">
     <span class='ocr_line' id='line_1_39' title="bbox 1885 1233 3476 1302; baseline 0.003 -15"><span class='ocrx_word' id='word_1_268' title='bbox 1885 1233 1975 1287; x_wconf 86' lang='lat' dir='ltr'><strong>cui</strong></span> <span class='ocrx_word' id='word_1_269' title='bbox 2027 1233 2172 1288; x_wconf 91' lang='lat' dir='ltr'><strong>inest</strong></span> <span class='ocrx_word' id='word_1_270' title='bbox 2212 1235 2296 1289; x_wconf 90' lang='lat' dir='ltr'><strong>vis</strong></span> <span class='ocrx_word' id='word_1_271' title='bbox 2340 1236 2724 1300; x_wconf 90' lang='lat' dir='ltr'><strong>discernendi,</strong></span> <span class='ocrx_word' id='word_1_272' title='bbox 2759 1248 2951 1291; x_wconf 86' lang='lat' dir='ltr'><strong>auctor</strong></span> <span class='ocrx_word' id='word_1_273' title='bbox 2997 1237 3072 1292; x_wconf 83' lang='lat' dir='ltr'><strong>illi</strong></span> <span class='ocrx_word' id='word_1_274' title='bbox 3120 1246 3237 1302; x_wconf 91' lang='lat' dir='ltr'><strong>est,</strong></span> <span class='ocrx_word' id='word_1_275' title='bbox 3270 1246 3329 1291; x_wconf 93' lang='lat' dir='ltr'><strong>ut</strong></span> <span class='ocrx_word' id='word_1_276' title='bbox 3372 1237 3476 1291; x_wconf 87' lang='lat' dir='ltr'><strong>alia</strong></span> 
     </span>
    </p>
   </div>
   <div class='ocr_carea' id='block_1_40' title="bbox 1886 1328 3478 1398">
    <p class='ocr_par' dir='ltr' id='par_1_40' title="bbox 1886 1328 3478 1398">
     <span class='ocr_line' id='line_1_40' title="bbox 1886 1328 3478 1398; baseline 0.002 -17"><span class='ocrx_word' id='word_1_277' title='bbox 1886 1328 2287 1396; x_wconf 78' lang='lat' dir='ltr'><strong>amplectatur,</strong></span> <span class='ocrx_word' id='word_1_278' title='bbox 2319 1328 2423 1382; x_wconf 92' lang='lat' dir='ltr'><strong>alia</strong></span> <span class='ocrx_word' id='word_1_279' title='bbox 2470 1337 2695 1398; x_wconf 89' lang='lat' dir='ltr'><strong>superet</strong></span> <span class='ocrx_word' id='word_1_280' title='bbox 2743 1344 2806 1382; x_wconf 89' lang='lat' dir='ltr'><strong>ac</strong></span> <span class='ocrx_word' id='word_1_281' title='bbox 2851 1330 3225 1385; x_wconf 84' lang='lat' dir='ltr'><strong>transcendat.</strong></span> <span class='ocrx_word' id='word_1_282' title='bbox 3270 1329 3478 1384; x_wconf 86' lang='lat' dir='ltr'><strong>Sensus</strong></span> 
     </span>
    </p>
   </div>
   <div class='ocr_carea' id='block_1_41' title="bbox 1886 1417 3472 1487">
    <p class='ocr_par' dir='ltr' id='par_1_41' title="bbox 1886 1417 3472 1487">
     <span class='ocr_line' id='line_1_41' title="bbox 1886 1417 3472 1487; baseline -0.004 -14"><span class='ocrx_word' id='word_1_283' title='bbox 1886 1429 2070 1473; x_wconf 87' lang='lat' dir='ltr'><strong>autem</strong></span> <span class='ocrx_word' id='word_1_284' title='bbox 2111 1419 2218 1472; x_wconf 89' lang='lat' dir='ltr'><strong>vim</strong></span> <span class='ocrx_word' id='word_1_285' title='bbox 2256 1419 2422 1473; x_wconf 83' lang='lat' dir='ltr'><strong>habet</strong></span> <span class='ocrx_word' id='word_1_286' title='bbox 2456 1418 2835 1473; x_wconf 65' lang='lat' dir='ltr'><strong>discernendae</strong></span> <span class='ocrx_word' id='word_1_287' title='bbox 2896 1433 3191 1487; x_wconf 87' lang='lat' dir='ltr'><strong>corporum</strong></span> <span class='ocrx_word' id='word_1_288' title='bbox 3223 1417 3472 1485; x_wconf 87' lang='lat' dir='ltr'><strong>volupta-</strong></span> 
     </span>
    </p>
   </div>
   <div class='ocr_carea' id='block_1_42' title="bbox 1890 1503 3478 1578">
    <p class='ocr_par' dir='ltr' id='par_1_42' title="bbox 1890 1503 3478 1578">
     <span class='ocr_line' id='line_1_42' title="bbox 1890 1503 3478 1578; baseline -0.003 -16"><span class='ocrx_word' id='word_1_289' title='bbox 1890 1509 1959 1562; x_wconf 91' lang='lat' dir='ltr'><strong>tis</strong></span> <span class='ocrx_word' id='word_1_290' title='bbox 2001 1517 2167 1578; x_wconf 88' lang='lat' dir='ltr'><strong>atque</strong></span> <span class='ocrx_word' id='word_1_291' title='bbox 2207 1507 2418 1561; x_wconf 90' lang='lat' dir='ltr'><strong>doloris</strong></span> <span class='ocrx_word' id='word_1_292' title='bbox 2458 1526 2470 1560; x_wconf 90' lang='lat'><strong>:</strong></span> <span class='ocrx_word' id='word_1_293' title='bbox 2514 1507 2766 1576; x_wconf 89' lang='lat' dir='ltr'><strong>quinitno</strong></span> <span class='ocrx_word' id='word_1_294' title='bbox 2807 1522 2932 1559; x_wconf 91' lang='lat' dir='ltr'><strong>cum</strong></span> <span class='ocrx_word' id='word_1_295' title='bbox 2980 1507 3095 1574; x_wconf 91' lang='lat' dir='ltr'><strong>ipse</strong></span> <span class='ocrx_word' id='word_1_296' title='bbox 3136 1504 3367 1558; x_wconf 79' lang='lat' dir='ltr'><strong>facultas</strong></span> <span class='ocrx_word' id='word_1_297' title='bbox 3406 1503 3478 1557; x_wconf 86' lang='lat' dir='ltr'><strong>sit</strong></span> 
     </span>
    </p>
   </div>
   <div class='ocr_carea' id='block_1_43' title="bbox 1889 1598 3475 1669">
    <p class='ocr_par' dir='ltr' id='par_1_43' title="bbox 1889 1598 3475 1669">
     <span class='ocr_line' id='line_1_43' title="bbox 1889 1598 3475 1669; baseline -0.003 -16"><span class='ocrx_word' id='word_1_298' title='bbox 1889 1614 2180 1667; x_wconf 90' lang='lat' dir='ltr'><strong>corporum</strong></span> <span class='ocrx_word' id='word_1_299' title='bbox 2209 1600 2387 1653; x_wconf 89' lang='lat' dir='ltr'><strong>anima</strong></span> <span class='ocrx_word' id='word_1_300' title='bbox 2422 1615 2698 1669; x_wconf 88' lang='lat' dir='ltr'><strong>sensuque</strong></span> <span class='ocrx_word' id='word_1_301' title='bbox 2728 1599 3111 1668; x_wconf 67' lang='lat' dir='ltr'><strong>pmditorum,</strong></span> <span class='ocrx_word' id='word_1_302' title='bbox 3138 1598 3475 1665; x_wconf 85' lang='lat' dir='ltr'><strong>voluptatem</strong></span> 
     </span>
    </p>
   </div>
   <div class='ocr_carea' id='block_1_44' title="bbox 1892 1688 3474 1759">
    <p class='ocr_par' dir='ltr' id='par_1_44' title="bbox 1892 1688 3474 1759">
     <span class='ocr_line' id='line_1_44' title="bbox 1892 1688 3474 1759; baseline -0.001 -17"><span class='ocrx_word' id='word_1_303' title='bbox 1892 1689 2114 1759; x_wconf 84' lang='lat' dir='ltr'><strong>quidem</strong></span> <span class='ocrx_word' id='word_1_304' title='bbox 2150 1690 2417 1744; x_wconf 83' lang='lat' dir='ltr'><strong>asciscere</strong></span> <span class='ocrx_word' id='word_1_305' title='bbox 2453 1690 2679 1752; x_wconf 87' lang='lat' dir='ltr'><strong>suadet,</strong></span> <span class='ocrx_word' id='word_1_306' title='bbox 2708 1690 2952 1744; x_wconf 87' lang='lat' dir='ltr'><strong>dolorem</strong></span> <span class='ocrx_word' id='word_1_307' title='bbox 2984 1706 3114 1743; x_wconf 89' lang='lat' dir='ltr'><strong>vero</strong></span> <span class='ocrx_word' id='word_1_308' title='bbox 3147 1688 3474 1759; x_wconf 88' lang='lat' dir='ltr'><strong>propellere.</strong></span> 
     </span>
    </p>
   </div>
   <div class='ocr_carea' id='block_1_45' title="bbox 1963 1781 3480 1852">
    <p class='ocr_par' dir='ltr' id='par_1_45' title="bbox 1963 1781 3480 1852">
     <span class='ocr_line' id='line_1_45' title="bbox 1963 1781 3480 1852; baseline -0.002 -17"><span class='ocrx_word' id='word_1_309' title='bbox 1963 1781 2052 1845; x_wconf 78' lang='grc'><strong>54.</strong></span> <span class='ocrx_word' id='word_1_310' title='bbox 2086 1781 2280 1845; x_wconf 89' lang='lat' dir='ltr'><strong>llomo,</strong></span> <span class='ocrx_word' id='word_1_311' title='bbox 2310 1783 2582 1852; x_wconf 91' lang='lat' dir='ltr'><strong>siquidem</strong></span> <span class='ocrx_word' id='word_1_312' title='bbox 2619 1782 2719 1836; x_wconf 92' lang='lat' dir='ltr'><strong>soli</strong></span> <span class='ocrx_word' id='word_1_313' title='bbox 2756 1782 3098 1845; x_wconf 86' lang='lat' dir='ltr'><strong>discretioni,</strong></span> <span class='ocrx_word' id='word_1_314' title='bbox 3129 1797 3249 1850; x_wconf 70' lang='lat' dir='ltr'><strong>qua:</strong></span> <span class='ocrx_word' id='word_1_315' title='bbox 3282 1797 3480 1834; x_wconf 85' lang='lat' dir='ltr'><strong>sensus</strong></span> 
     </span>
    </p>
   </div>
   <div class='ocr_carea' id='block_1_46' title="bbox 1890 1873 3479 1943">
    <p class='ocr_par' dir='ltr' id='par_1_46' title="bbox 1890 1873 3479 1943">
     <span class='ocr_line' id='line_1_46' title="bbox 1890 1873 3479 1943; baseline -0.003 -15"><span class='ocrx_word' id='word_1_316' title='bbox 1890 1882 1994 1938; x_wconf 91' lang='lat' dir='ltr'><strong>est,</strong></span> <span class='ocrx_word' id='word_1_317' title='bbox 2034 1874 2330 1942; x_wconf 89' lang='lat' dir='ltr'><strong>voluptatis</strong></span> <span class='ocrx_word' id='word_1_318' title='bbox 2374 1889 2674 1942; x_wconf 87' lang='lat' dir='ltr'><strong>corporum</strong></span> <span class='ocrx_word' id='word_1_319' title='bbox 2721 1881 2885 1943; x_wconf 89' lang='lat' dir='ltr'><strong>atque</strong></span> <span class='ocrx_word' id='word_1_320' title='bbox 2924 1873 3155 1935; x_wconf 89' lang='lat' dir='ltr'><strong>doloris,</strong></span> <span class='ocrx_word' id='word_1_321' title='bbox 3200 1873 3479 1941; x_wconf 90' lang='lat' dir='ltr'><strong>impensus</strong></span> 
     </span>
    </p>
   </div>
   <div class='ocr_carea' id='block_1_47' title="bbox 1858 1962 3479 2034">
    <p class='ocr_par' dir='ltr' id='par_1_47' title="bbox 1858 1962 3479 2034">
     <span class='ocr_line' id='line_1_47' title="bbox 1858 1962 3479 2034; baseline -0.001 -17"><span class='ocrx_word' id='word_1_322' title='bbox 1858 1963 2221 2028; x_wconf 18' lang='lat' dir='ltr'><strong>_sit,,divini</strong></span> <span class='ocrx_word' id='word_1_323' title='bbox 2281 1964 2558 2028; x_wconf 82' lang='lat' dir='ltr'><strong>mandati;</strong></span> <span class='ocrx_word' id='word_1_324' title='bbox 2617 1964 3066 2034; x_wconf 82' lang='lat' dir='ltr'><strong>transgressionis</strong></span> <span class='ocrx_word' id='word_1_325' title='bbox 3121 1979 3279 2025; x_wconf 90' lang='lat' dir='ltr'><strong>rens,</strong></span> <span class='ocrx_word' id='word_1_326' title='bbox 3333 1962 3479 2032; x_wconf 78' lang='lat' dir='ltr'><strong>ligno</strong></span> 
     </span>
    </p>
   </div>
   <div class='ocr_carea' id='block_1_48' title="bbox 1888 2052 3479 2126">
    <p class='ocr_par' dir='ltr' id='par_1_48' title="bbox 1888 2052 3479 2126">
     <span class='ocr_line' id='line_1_48' title="bbox 1888 2052 3479 2126; baseline -0.003 -15"><span class='ocrx_word' id='word_1_327' title='bbox 1888 2052 2134 2118; x_wconf 74' lang='lat' dir='ltr'><strong>vescitur</strong></span> <span class='ocrx_word' id='word_1_328' title='bbox 2175 2057 2420 2110; x_wconf 68' lang='lat' dir='ltr'><strong>scientiae</strong></span> <span class='ocrx_word' id='word_1_329' title='bbox 2467 2056 2595 2110; x_wconf 89' lang='lat' dir='ltr'><strong>boni</strong></span> <span class='ocrx_word' id='word_1_330' title='bbox 2645 2066 2702 2111; x_wconf 89' lang='lat' dir='ltr'><strong>et</strong></span> <span class='ocrx_word' id='word_1_331' title='bbox 2756 2058 2881 2111; x_wconf 88' lang='lat' dir='ltr'><strong>tnali</strong></span> <span class='ocrx_word' id='word_1_332' title='bbox 2941 2058 3168 2126; x_wconf 87' lang='lat' dir='ltr'><strong>(sensus</strong></span> <span class='ocrx_word' id='word_1_333' title='bbox 3214 2055 3479 2108; x_wconf 89' lang='lat' dir='ltr'><strong>nimirum</strong></span> 
     </span>
    </p>
   </div>
   <div class='ocr_carea' id='block_1_49' title="bbox 1890 2149 3479 2219">
    <p class='ocr_par' dir='ltr' id='par_1_49' title="bbox 1890 2149 3479 2219">
     <span class='ocr_line' id='line_1_49' title="bbox 1890 2149 3479 2219; baseline -0.004 -14"><span class='ocrx_word' id='word_1_334' title='bbox 1890 2158 2116 2219; x_wconf 85' lang='lat' dir='ltr'><strong>experte</strong></span> <span class='ocrx_word' id='word_1_335' title='bbox 2151 2150 2380 2203; x_wconf 87' lang='lat' dir='ltr'><strong>rationis</strong></span> <span class='ocrx_word' id='word_1_336' title='bbox 2412 2150 2587 2218; x_wconf 90' lang='lat' dir='ltr'><strong>motu)</strong></span> <span class='ocrx_word' id='word_1_337' title='bbox 2622 2166 2729 2202; x_wconf 88' lang='lat' dir='ltr'><strong>una</strong></span> <span class='ocrx_word' id='word_1_338' title='bbox 2771 2150 2983 2218; x_wconf 86' lang='lat' dir='ltr'><strong>pollens</strong></span> <span class='ocrx_word' id='word_1_339' title='bbox 3015 2164 3079 2201; x_wconf 88' lang='lat' dir='ltr'><strong>ea</strong></span> <span class='ocrx_word' id='word_1_340' title='bbox 3112 2149 3479 2210; x_wconf 90' lang='lat' dir='ltr'><strong>discretione,</strong></span> 
     </span>
    </p>
   </div>
   <div class='ocr_carea' id='block_1_50' title="bbox 1892 2239 3480 2310">
    <p class='ocr_par' dir='ltr' id='par_1_50' title="bbox 1892 2239 3480 2310">
     <span class='ocr_line' id='line_1_50' title="bbox 1892 2239 3480 2310; baseline -0.001 -17"><span class='ocrx_word' id='word_1_341' title='bbox 1892 2256 2016 2310; x_wconf 67' lang='lat' dir='ltr'><strong>quae</strong></span> <span class='ocrx_word' id='word_1_342' title='bbox 2049 2241 2114 2294; x_wconf 90' lang='lat' dir='ltr'><strong>ad</strong></span> <span class='ocrx_word' id='word_1_343' title='bbox 2153 2256 2448 2309; x_wconf 88' lang='lat' dir='ltr'><strong>corporum</strong></span> <span class='ocrx_word' id='word_1_344' title='bbox 2485 2241 2919 2295; x_wconf 83' lang='lat' dir='ltr'><strong>incolumitatem</strong></span> <span class='ocrx_word' id='word_1_345' title='bbox 2956 2240 3114 2305; x_wconf 88' lang='lat' dir='ltr'><strong>facit;</strong></span> <span class='ocrx_word' id='word_1_346' title='bbox 3154 2255 3292 2308; x_wconf 89' lang='lat' dir='ltr'><strong>qua,</strong></span> <span class='ocrx_word' id='word_1_347' title='bbox 3323 2239 3480 2294; x_wconf 88' lang='lat' dir='ltr'><strong>volu-</strong></span> 
     </span>
    </p>
   </div>
   <div class='ocr_carea' id='block_1_51' title="bbox 1895 2332 3481 2403">
    <p class='ocr_par' dir='ltr' id='par_1_51' title="bbox 1895 2332 3481 2403">
     <span class='ocr_line' id='line_1_51' title="bbox 1895 2332 3481 2403; baseline 0.001 -20"><span class='ocrx_word' id='word_1_348' title='bbox 1895 2342 2100 2403; x_wconf 88' lang='lat' dir='ltr'><strong>ptatem</strong></span> <span class='ocrx_word' id='word_1_349' title='bbox 2149 2332 2371 2401; x_wconf 87' lang='lat' dir='ltr'><strong>quidem</strong></span> <span class='ocrx_word' id='word_1_350' title='bbox 2424 2342 2482 2386; x_wconf 90' lang='lat' dir='ltr'><strong>ut</strong></span> <span class='ocrx_word' id='word_1_351' title='bbox 2530 2332 2735 2387; x_wconf 91' lang='lat' dir='ltr'><strong>bonum</strong></span> <span class='ocrx_word' id='word_1_352' title='bbox 2789 2333 3181 2402; x_wconf 81' lang='lat' dir='ltr'><strong>amplectitur;</strong></span> <span class='ocrx_word' id='word_1_353' title='bbox 3235 2333 3481 2386; x_wconf 87' lang='lat' dir='ltr'><strong>dolorem</strong></span> 
     </span>
    </p>
   </div>
   <div class='ocr_carea' id='block_1_52' title="bbox 1895 2424 3485 2491">
    <p class='ocr_par' dir='ltr' id='par_1_52' title="bbox 1895 2424 3485 2491">
     <span class='ocr_line' id='line_1_52' title="bbox 1895 2424 3485 2491; baseline -0.001 -12"><span class='ocrx_word' id='word_1_354' title='bbox 1895 2440 2025 2479; x_wconf 90' lang='lat' dir='ltr'><strong>vero</strong></span> <span class='ocrx_word' id='word_1_355' title='bbox 2063 2425 2201 2491; x_wconf 82' lang='lat' dir='ltr'><strong>fugit</strong></span> <span class='ocrx_word' id='word_1_356' title='bbox 2268 2432 2327 2476; x_wconf 92' lang='grc' dir='ltr'><strong>ιιι</strong></span> <span class='ocrx_word' id='word_1_357' title='bbox 2365 2425 2587 2477; x_wconf 87' lang='lat' dir='ltr'><strong>malum.</strong></span> <span class='ocrx_word' id='word_1_358' title='bbox 2619 2424 2713 2479; x_wconf 88' lang='lat' dir='ltr'><strong>Sin</strong></span> <span class='ocrx_word' id='word_1_359' title='bbox 2751 2434 2935 2478; x_wconf 90' lang='lat' dir='ltr'><strong>autem</strong></span> <span class='ocrx_word' id='word_1_360' title='bbox 2976 2426 3179 2479; x_wconf 88' lang='lat' dir='ltr'><strong>mentis</strong></span> <span class='ocrx_word' id='word_1_361' title='bbox 3219 2424 3485 2478; x_wconf 79' lang='lat' dir='ltr'><strong>duntaxat</strong></span> 
     </span>
    </p>
   </div>
   <div class='ocr_carea' id='block_1_53' title="bbox 1895 2514 3483 2585">
    <p class='ocr_par' dir='ltr' id='par_1_53' title="bbox 1895 2514 3483 2585">
     <span class='ocr_line' id='line_1_53' title="bbox 1895 2514 3483 2585; baseline 0 -16"><span class='ocrx_word' id='word_1_362' title='bbox 1895 2514 2217 2570; x_wconf 87' lang='lat' dir='ltr'><strong>discretioni</strong></span> <span class='ocrx_word' id='word_1_363' title='bbox 2271 2530 2499 2584; x_wconf 90' lang='lat' dir='ltr'><strong>prorsus</strong></span> <span class='ocrx_word' id='word_1_364' title='bbox 2545 2516 2801 2581; x_wconf 88' lang='lat' dir='ltr'><strong>studeat,</strong></span> <span class='ocrx_word' id='word_1_365' title='bbox 2847 2533 2967 2585; x_wconf 76' lang='lat' dir='ltr'><strong>quae</strong></span> <span class='ocrx_word' id='word_1_366' title='bbox 3014 2526 3366 2585; x_wconf 89' lang='lat' dir='ltr'><strong>tcmporanea</strong></span> <span class='ocrx_word' id='word_1_367' title='bbox 3415 2516 3483 2569; x_wconf 87' lang='lat' dir='ltr'><strong>ab</strong></span> 
     </span>
    </p>
   </div>
   <div class='ocr_carea' id='block_1_54' title="bbox 1894 2607 3480 2678">
    <p class='ocr_par' dir='ltr' id='par_1_54' title="bbox 1894 2607 3480 2678">
     <span class='ocr_line' id='line_1_54' title="bbox 1894 2607 3480 2678; baseline -0.002 -14"><span class='ocrx_word' id='word_1_368' title='bbox 1894 2609 2116 2664; x_wconf 62' lang='lat' dir='ltr'><strong>internis</strong></span> <span class='ocrx_word' id='word_1_369' title='bbox 2162 2608 2469 2669; x_wconf 88' lang='lat' dir='ltr'><strong>discernat,</strong></span> <span class='ocrx_word' id='word_1_370' title='bbox 2516 2607 2688 2661; x_wconf 88' lang='lat' dir='ltr'><strong>divini</strong></span> <span class='ocrx_word' id='word_1_371' title='bbox 2741 2609 2986 2662; x_wconf 85' lang='lat' dir='ltr'><strong>mandati</strong></span> <span class='ocrx_word' id='word_1_372' title='bbox 3038 2619 3229 2668; x_wconf 77' lang='lat' dir='ltr'><strong>tenax,</strong></span> <span class='ocrx_word' id='word_1_373' title='bbox 3274 2609 3480 2678; x_wconf 75' lang='lat' dir='ltr'><strong>lignum</strong></span> 
     </span>
    </p>
   </div>
   <div class='ocr_carea' id='block_1_55' title="bbox 1897 2699 3481 2770">
    <p class='ocr_par' dir='ltr' id='par_1_55' title="bbox 1897 2699 3481 2770">
     <span class='ocr_line' id='line_1_55' title="bbox 1897 2699 3481 2770; baseline 0 -17"><span class='ocrx_word' id='word_1_374' title='bbox 1897 2699 2023 2754; x_wconf 64' lang='lat' dir='ltr'><strong>vitae</strong></span> <span class='ocrx_word' id='word_1_375' title='bbox 2057 2700 2405 2770; x_wconf 84' lang='lat' dir='ltr'><strong>(sapientiam</strong></span> <span class='ocrx_word' id='word_1_376' title='bbox 2442 2700 2709 2754; x_wconf 88' lang='lat' dir='ltr'><strong>nimirum</strong></span> <span class='ocrx_word' id='word_1_377' title='bbox 2745 2701 2798 2754; x_wconf 92' lang='lat' dir='ltr'><strong>in</strong></span> <span class='ocrx_word' id='word_1_378' title='bbox 2839 2709 3022 2754; x_wconf 90' lang='lat' dir='ltr'><strong>mente</strong></span> <span class='ocrx_word' id='word_1_379' title='bbox 3059 2702 3481 2769; x_wconf 73' lang='lat' dir='ltr'><strong>consistentem)</strong></span> 
     </span>
    </p>
   </div>
   <div class='ocr_carea' id='block_1_56' title="bbox 1898 2795 3483 2865">
    <p class='ocr_par' dir='ltr' id='par_1_56' title="bbox 1898 2795 3483 2865">
     <span class='ocr_line' id='line_1_56' title="bbox 1898 2795 3483 2865; baseline 0.001 -16"><span class='ocrx_word' id='word_1_380' title='bbox 1898 2795 2171 2860; x_wconf 89' lang='lat' dir='ltr'><strong>comedit;</strong></span> <span class='ocrx_word' id='word_1_381' title='bbox 2218 2811 2323 2849; x_wconf 88' lang='lat' dir='ltr'><strong>una</strong></span> <span class='ocrx_word' id='word_1_382' title='bbox 2360 2795 2625 2848; x_wconf 77' lang='lat' dir='ltr'><strong>duntaxat</strong></span> <span class='ocrx_word' id='word_1_383' title='bbox 2662 2796 2924 2864; x_wconf 60' lang='lat' dir='ltr'><strong>praeditus</strong></span> <span class='ocrx_word' id='word_1_384' title='bbox 2960 2795 3328 2859; x_wconf 79' lang='lat' dir='ltr'><strong>discretione,</strong></span> <span class='ocrx_word' id='word_1_385' title='bbox 3362 2811 3483 2865; x_wconf 68' lang='lat' dir='ltr'><strong>qua:</strong></span> 
     </span>
    </p>
   </div>
   <div class='ocr_carea' id='block_1_57' title="bbox 1900 2885 3481 2956">
    <p class='ocr_par' dir='ltr' id='par_1_57' title="bbox 1900 2885 3481 2956">
     <span class='ocr_line' id='line_1_57' title="bbox 1900 2885 3481 2956; baseline 0.001 -16"><span class='ocrx_word' id='word_1_386' title='bbox 1900 2885 1965 2940; x_wconf 89' lang='lat' dir='ltr'><strong>ad</strong></span> <span class='ocrx_word' id='word_1_387' title='bbox 1997 2886 2164 2940; x_wconf 89' lang='lat' dir='ltr'><strong>animi</strong></span> <span class='ocrx_word' id='word_1_388' title='bbox 2198 2887 2428 2941; x_wconf 86' lang='lat' dir='ltr'><strong>salutem</strong></span> <span class='ocrx_word' id='word_1_389' title='bbox 2460 2888 2619 2951; x_wconf 90' lang='lat' dir='ltr'><strong>facit;</strong></span> <span class='ocrx_word' id='word_1_390' title='bbox 2653 2904 2781 2956; x_wconf 88' lang='lat' dir='ltr'><strong>qua,</strong></span> <span class='ocrx_word' id='word_1_391' title='bbox 2810 2897 3140 2941; x_wconf 68' lang='lat' dir='ltr'><strong>retentorum</strong></span> <span class='ocrx_word' id='word_1_392' title='bbox 3176 2889 3481 2942; x_wconf 83' lang='lat' dir='ltr'><strong>claritatem</strong></span> 
     </span>
    </p>
   </div>
   <div class='ocr_carea' id='block_1_58' title="bbox 1901 2978 3482 3050">
    <p class='ocr_par' dir='ltr' id='par_1_58' title="bbox 1901 2978 3482 3050">
     <span class='ocr_line' id='line_1_58' title="bbox 1901 2978 3482 3050; baseline 0.001 -18"><span class='ocrx_word' id='word_1_393' title='bbox 1901 2987 1964 3032; x_wconf 91' lang='lat' dir='ltr'><strong>ut</strong></span> <span class='ocrx_word' id='word_1_394' title='bbox 1988 2978 2191 3032; x_wconf 87' lang='lat' dir='ltr'><strong>bonum</strong></span> <span class='ocrx_word' id='word_1_395' title='bbox 2226 2982 2565 3049; x_wconf 78' lang='lat' dir='ltr'><strong>complexus,</strong></span> <span class='ocrx_word' id='word_1_396' title='bbox 2595 2997 2623 3034; x_wconf 91' lang='lat' dir='ltr'><strong>a</strong></span> <span class='ocrx_word' id='word_1_397' title='bbox 2658 2990 3000 3035; x_wconf 89' lang='lat' dir='ltr'><strong>terrenorum</strong></span> <span class='ocrx_word' id='word_1_398' title='bbox 3038 2981 3395 3050; x_wconf 87' lang='lat' dir='ltr'><strong>corruptione</strong></span> <span class='ocrx_word' id='word_1_399' title='bbox 3427 2988 3482 3034; x_wconf 91' lang='lat' dir='ltr'><strong>ut</strong></span> 
     </span>
    </p>
   </div>
   <div class='ocr_carea' id='block_1_59' title="bbox 1901 3071 2471 3141">
    <p class='ocr_par' dir='ltr' id='par_1_59' title="bbox 1901 3071 2471 3141">
     <span class='ocr_line' id='line_1_59' title="bbox 1901 3071 2471 3141; baseline 0.002 -18"><span class='ocrx_word' id='word_1_400' title='bbox 1901 3084 1932 3123; x_wconf 89' lang='lat' dir='ltr'><strong>a</strong></span> <span class='ocrx_word' id='word_1_401' title='bbox 1962 3071 2104 3123; x_wconf 86' lang='lat' dir='ltr'><strong>malo</strong></span> <span class='ocrx_word' id='word_1_402' title='bbox 2136 3071 2471 3141; x_wconf 74' lang='lat' dir='ltr'><strong>ahjnngitnr.</strong></span> 
     </span>
    </p>
   </div>
   <div class='ocr_carea' id='block_1_60' title="bbox 284 3158 1797 3249">
    <p class='ocr_par' dir='ltr' id='par_1_60' title="bbox 284 3158 1797 3234">
     <span class='ocr_line' id='line_1_60' title="bbox 284 3158 1797 3234; baseline 0.005 -25"><span class='ocrx_word' id='word_1_403' title='bbox 284 3158 377 3213; x_wconf 87' lang='grc' dir='ltr'>λε’.</span> <span class='ocrx_word' id='word_1_404' title='bbox 432 3160 544 3212; x_wconf 87' lang='grc' dir='ltr'>Νοῦ</span> <span class='ocrx_word' id='word_1_405' title='bbox 597 3161 695 3229; x_wconf 81' lang='grc' dir='ltr'>μὲν</span> <span class='ocrx_word' id='word_1_406' title='bbox 747 3161 911 3214; x_wconf 86' lang='grc' dir='ltr'>καλόν</span> <span class='ocrx_word' id='word_1_407' title='bbox 971 3163 1155 3226; x_wconf 87' lang='grc' dir='ltr'>ἐστιν,</span> <span class='ocrx_word' id='word_1_408' title='bbox 1203 3164 1235 3233; x_wconf 85' lang='grc' dir='ltr'>ὴ</span> <span class='ocrx_word' id='word_1_409' title='bbox 1281 3162 1499 3234; x_wconf 79' lang='grc' dir='ltr'>ἀπαθὴς</span> <span class='ocrx_word' id='word_1_410' title='bbox 1555 3164 1693 3233; x_wconf 84' lang='grc' dir='ltr'>πρὸς</span> <span class='ocrx_word' id='word_1_411' title='bbox 1739 3164 1797 3217; x_wconf 89' lang='grc' dir='ltr'><strong>τὸ</strong></span> 
     </span>
    </p>
   </div>
   <div class='ocr_carea' id='block_1_61' title="bbox 1897 3158 3484 3249">
    <p class='ocr_par' dir='ltr' id='par_1_61' title="bbox 1970 3159 3484 3231">
     <span class='ocr_line' id='line_1_61' title="bbox 1970 3159 3484 3231; baseline 0.003 -19"><span class='ocrx_word' id='word_1_412' title='bbox 1970 3159 2059 3213; x_wconf 80' lang='grc'><strong>55.</strong></span> <span class='ocrx_word' id='word_1_413' title='bbox 2089 3159 2284 3213; x_wconf 79' lang='lat' dir='ltr'><strong>Mentis</strong></span> <span class='ocrx_word' id='word_1_414' title='bbox 2322 3161 2526 3213; x_wconf 86' lang='lat' dir='ltr'><strong>bonum</strong></span> <span class='ocrx_word' id='word_1_415' title='bbox 2565 3170 2726 3229; x_wconf 87' lang='lat' dir='ltr'><strong>atque</strong></span> <span class='ocrx_word' id='word_1_416' title='bbox 2763 3161 2952 3222; x_wconf 88' lang='lat' dir='ltr'><strong>animi,</strong></span> <span class='ocrx_word' id='word_1_417' title='bbox 2981 3163 3275 3231; x_wconf 89' lang='lat' dir='ltr'><strong>tranquilla</strong></span> <span class='ocrx_word' id='word_1_418' title='bbox 3311 3169 3393 3215; x_wconf 89' lang='lat' dir='ltr'><strong>est</strong></span> <span class='ocrx_word' id='word_1_419' title='bbox 3424 3178 3484 3216; x_wconf 90' lang='lat' dir='ltr'><strong>ac</strong></span> 
     </span>
    </p>
   </div>
   <div class='ocr_carea' id='block_1_62' title="bbox 208 3248 1798 3327">
    <p class='ocr_par' dir='ltr' id='par_1_62' title="bbox 208 3248 1798 3327">
     <span class='ocr_line' id='line_1_62' title="bbox 208 3248 1798 3327; baseline 0.003 -24"><span class='ocrx_word' id='word_1_420' title='bbox 208 3248 431 3318; x_wconf 82' lang='grc' dir='ltr'>πνεῦμα</span> <span class='ocrx_word' id='word_1_421' title='bbox 466 3253 737 3315; x_wconf 84' lang='grc' dir='ltr'>διάθεσις·</span> <span class='ocrx_word' id='word_1_422' title='bbox 792 3254 960 3307; x_wconf 88' lang='grc' dir='ltr'>κακὸν</span> <span class='ocrx_word' id='word_1_423' title='bbox 1008 3254 1085 3320; x_wconf 88' lang='grc' dir='ltr'>δὲ,</span> <span class='ocrx_word' id='word_1_424' title='bbox 1127 3257 1160 3325; x_wconf 83' lang='grc' dir='ltr'>ἡ</span> <span class='ocrx_word' id='word_1_425' title='bbox 1211 3255 1466 3327; x_wconf 76' lang='grc' dir='ltr'>ἐμπαθὴς</span> <span class='ocrx_word' id='word_1_426' title='bbox 1512 3255 1650 3327; x_wconf 79' lang='grc' dir='ltr'>πρὸς</span> <span class='ocrx_word' id='word_1_427' title='bbox 1699 3256 1798 3327; x_wconf 85' lang='grc' dir='ltr'><strong>τὴν</strong></span> 
     </span>
    </p>
   </div>
   <div class='ocr_carea' id='block_1_63' title="bbox 207 3340 1799 3418">
    <p class='ocr_par' dir='ltr' id='par_1_63' title="bbox 207 3340 1799 3418">
     <span class='ocr_line' id='line_1_63' title="bbox 207 3340 1799 3418; baseline 0.005 -25"><span class='ocrx_word' id='word_1_428' title='bbox 207 3340 464 3412; x_wconf 74' lang='grc' dir='ltr'>αἴσθησιν</span> <span class='ocrx_word' id='word_1_429' title='bbox 492 3343 711 3413; x_wconf 87' lang='grc' dir='ltr'>σχέσις·</span> <span class='ocrx_word' id='word_1_430' title='bbox 747 3345 1057 3415; x_wconf 83' lang='grc' dir='ltr'>αἰσθήσεως</span> <span class='ocrx_word' id='word_1_431' title='bbox 1097 3345 1151 3399; x_wconf 80' lang='grc' dir='ltr'>δὲ</span> <span class='ocrx_word' id='word_1_432' title='bbox 1184 3346 1349 3400; x_wconf 89' lang='grc' dir='ltr'>καλόν</span> <span class='ocrx_word' id='word_1_433' title='bbox 1390 3349 1559 3411; x_wconf 85' lang='grc' dir='ltr'>ἐστιν,</span> <span class='ocrx_word' id='word_1_434' title='bbox 1605 3351 1639 3418; x_wconf 82' lang='grc' dir='ltr'>ἡ</span> <span class='ocrx_word' id='word_1_435' title='bbox 1675 3347 1799 3401; x_wconf 81' lang='grc' dir='ltr'>καθ’</span> 
     </span>
    </p>
   </div>
   <div class='ocr_carea' id='block_1_64' title="bbox 209 3430 1799 3511">
    <p class='ocr_par' dir='ltr' id='par_1_64' title="bbox 209 3430 1799 3511">
     <span class='ocr_line' id='line_1_64' title="bbox 209 3430 1799 3511; baseline 0.007 -29"><span class='ocrx_word' id='word_1_436' title='bbox 209 3430 408 3501; x_wconf 79' lang='grc' dir='ltr'>ἡδονὴν</span> <span class='ocrx_word' id='word_1_437' title='bbox 440 3433 694 3504; x_wconf 79' lang='grc' dir='ltr'>ἐμπαθὴς</span> <span class='ocrx_word' id='word_1_438' title='bbox 727 3434 865 3504; x_wconf 90' lang='grc' dir='ltr'>πρὸς</span> <span class='ocrx_word' id='word_1_439' title='bbox 919 3436 1081 3506; x_wconf 85' lang='grc' dir='ltr'>σῶμα</span> <span class='ocrx_word' id='word_1_440' title='bbox 1124 3438 1374 3507; x_wconf 82' lang='grc' dir='ltr'>κίνησις·</span> <span class='ocrx_word' id='word_1_441' title='bbox 1427 3440 1598 3493; x_wconf 88' lang='grc' dir='ltr'>κακὸν</span> <span class='ocrx_word' id='word_1_442' title='bbox 1650 3441 1728 3505; x_wconf 83' lang='grc' dir='ltr'>δὲ,</span> <span class='ocrx_word' id='word_1_443' title='bbox 1766 3440 1799 3511; x_wconf 82' lang='grc' dir='ltr'>ὴ</span> 
     </span>
    </p>
   </div>
   <div class='ocr_carea' id='block_1_65' title="bbox 210 3525 1553 3600">
    <p class='ocr_par' dir='ltr' id='par_1_65' title="bbox 210 3525 1553 3600">
     <span class='ocr_line' id='line_1_65' title="bbox 210 3525 1553 3600; baseline 0.005 -24"><span class='ocrx_word' id='word_1_444' title='bbox 210 3525 357 3578; x_wconf 77' lang='grc' dir='ltr'>κατὰ</span> <span class='ocrx_word' id='word_1_445' title='bbox 386 3526 641 3598; x_wconf 85' lang='grc' dir='ltr'>στέρησιν</span> <span class='ocrx_word' id='word_1_446' title='bbox 672 3527 873 3597; x_wconf 82' lang='grc' dir='ltr'>ταύτης</span> <span class='ocrx_word' id='word_1_447' title='bbox 904 3530 1258 3600; x_wconf 83' lang='grc' dir='ltr'>ἐπιγινομένη</span> <span class='ocrx_word' id='word_1_448' title='bbox 1293 3529 1553 3596; x_wconf 89' lang='grc' dir='ltr'>διάθεσις.</span> 
     </span>
    </p>
   </div>
   <div class='ocr_carea' id='block_1_66' title="bbox 288 3791 1800 3869">
    <p class='ocr_par' dir='ltr' id='par_1_66' title="bbox 288 3791 1800 3869">
     <span class='ocr_line' id='line_1_66' title="bbox 288 3791 1800 3869; baseline 0.006 -24"><span class='ocrx_word' id='word_1_449' title='bbox 288 3791 399 3857; x_wconf 81' lang='grc' dir='ltr'>λς’.</span> <span class='ocrx_word' id='word_1_450' title='bbox 454 3793 513 3846; x_wconf 89' lang='grc' dir='ltr'>Ὁ</span> <span class='ocrx_word' id='word_1_451' title='bbox 569 3794 764 3859; x_wconf 84' lang='grc' dir='ltr'>πείσας</span> <span class='ocrx_word' id='word_1_452' title='bbox 822 3797 885 3850; x_wconf 86' lang='grc' dir='ltr'><strong>τὸ</strong></span> <span class='ocrx_word' id='word_1_453' title='bbox 955 3796 1198 3860; x_wconf 80' lang='grc' dir='ltr'>συνειδὸς</span> <span class='ocrx_word' id='word_1_454' title='bbox 1246 3796 1323 3861; x_wconf 85' lang='grc' dir='ltr'>ὡς</span> <span class='ocrx_word' id='word_1_455' title='bbox 1375 3798 1535 3869; x_wconf 88' lang='grc' dir='ltr'>φύσει</span> <span class='ocrx_word' id='word_1_456' title='bbox 1601 3802 1800 3863; x_wconf 87' lang='grc' dir='ltr'>καλὸν,</span> 
     </span>
    </p>
   </div>
   <div class='ocr_carea' id='block_1_67' title="bbox 214 3886 1802 3967">
    <p class='ocr_par' dir='ltr' id='par_1_67' title="bbox 214 3886 1802 3967">
     <span class='ocr_line' id='line_1_67' title="bbox 214 3886 1802 3967; baseline 0.007 -29"><span class='ocrx_word' id='word_1_457' title='bbox 214 3886 598 3957; x_wconf 82' lang='grc' dir='ltr'>πραττόμενον</span> <span class='ocrx_word' id='word_1_458' title='bbox 631 3888 777 3958; x_wconf 78' lang='grc' dir='ltr'>ἔχειν</span> <span class='ocrx_word' id='word_1_459' title='bbox 806 3890 866 3943; x_wconf 89' lang='grc' dir='ltr'><strong>τὸ</strong></span> <span class='ocrx_word' id='word_1_460' title='bbox 908 3891 1193 3956; x_wconf 89' lang='grc' dir='ltr'>κάκιστον,</span> <span class='ocrx_word' id='word_1_461' title='bbox 1236 3888 1393 3955; x_wconf 75' lang='grc' dir='ltr'>οὗτος</span> <span class='ocrx_word' id='word_1_462' title='bbox 1437 3897 1619 3966; x_wconf 84' lang='grc' dir='ltr'>χειρὸς</span> <span class='ocrx_word' id='word_1_463' title='bbox 1646 3895 1802 3967; x_wconf 89' lang='grc' dir='ltr'>δίκην</span> 
     </span>
    </p>
   </div>
   <div class='ocr_carea' id='block_1_68' title="bbox 215 3978 1802 4057">
    <p class='ocr_par' dir='ltr' id='par_1_68' title="bbox 215 3978 1802 4057">
     <span class='ocr_line' id='line_1_68' title="bbox 215 3978 1802 4057; baseline 0.006 -26"><span class='ocrx_word' id='word_1_464' title='bbox 215 3978 468 4042; x_wconf 88' lang='grc' dir='ltr'>ἐκτείνας</span> <span class='ocrx_word' id='word_1_465' title='bbox 494 3981 556 4032; x_wconf 86' lang='grc' dir='ltr'><strong>τὸ</strong></span> <span class='ocrx_word' id='word_1_466' title='bbox 604 3981 928 4051; x_wconf 78' lang='grc' dir='ltr'>πρακτικὸν,</span> <span class='ocrx_word' id='word_1_467' title='bbox 962 3983 1121 4037; x_wconf 75' lang='grc' dir='ltr'>ἔλαθε</span> <span class='ocrx_word' id='word_1_468' title='bbox 1148 3984 1366 4055; x_wconf 77' lang='grc' dir='ltr'>ψεκτῶς</span> <span class='ocrx_word' id='word_1_469' title='bbox 1397 3985 1490 4040; x_wconf 82' lang='grc' dir='ltr'>τοῦ</span> <span class='ocrx_word' id='word_1_470' title='bbox 1518 3986 1675 4051; x_wconf 80' lang='grc' dir='ltr'>ξύλου</span> <span class='ocrx_word' id='word_1_471' title='bbox 1701 3988 1802 4057; x_wconf 90' lang='grc' dir='ltr'><strong>τῆς</strong></span> 
     </span>
    </p>
   </div>
   <div class='ocr_carea' id='block_1_69' title="bbox 216 4068 1799 4146">
    <p class='ocr_par' dir='ltr' id='par_1_69' title="bbox 216 4068 1799 4146">
     <span class='ocr_line' id='line_1_69' title="bbox 216 4068 1799 4146; baseline 0.006 -23"><span class='ocrx_word' id='word_1_472' title='bbox 216 4068 400 4140; x_wconf 79' lang='grc' dir='ltr'>ζωῆς,</span> <span class='ocrx_word' id='word_1_473' title='bbox 453 4071 723 4126; x_wconf 83' lang='grc' dir='ltr'>ἀθάνατον</span> <span class='ocrx_word' id='word_1_474' title='bbox 776 4076 1124 4145; x_wconf 77' lang='grc' dir='ltr'>ἡγησάμενος</span> <span class='ocrx_word' id='word_1_475' title='bbox 1177 4077 1338 4146; x_wconf 86' lang='grc' dir='ltr'>φύσει</span> <span class='ocrx_word' id='word_1_476' title='bbox 1400 4079 1460 4130; x_wconf 87' lang='grc' dir='ltr'><strong>τὸ</strong></span> <span class='ocrx_word' id='word_1_477' title='bbox 1520 4080 1799 4133; x_wconf 85' lang='grc' dir='ltr'>κάκιστον.</span> 
     </span>
    </p>
   </div>
   <div class='ocr_carea' id='block_1_70' title="bbox 216 4164 1803 4244">
    <p class='ocr_par' dir='ltr' id='par_1_70' title="bbox 216 4164 1803 4244">
     <span class='ocr_line' id='line_1_70' title="bbox 216 4164 1803 4244; baseline 0.008 -29"><span class='ocrx_word' id='word_1_478' title='bbox 216 4164 424 4234; x_wconf 84' lang='grc' dir='ltr'>Διόπερ</span> <span class='ocrx_word' id='word_1_479' title='bbox 452 4165 553 4235; x_wconf 84' lang='grc' dir='ltr'>τὴν</span> <span class='ocrx_word' id='word_1_480' title='bbox 582 4167 720 4220; x_wconf 81' lang='grc' dir='ltr'>κατὰ</span> <span class='ocrx_word' id='word_1_481' title='bbox 750 4167 811 4220; x_wconf 83' lang='grc' dir='ltr'><strong>τὸ</strong></span> <span class='ocrx_word' id='word_1_482' title='bbox 842 4169 1077 4232; x_wconf 80' lang='grc' dir='ltr'>συνειδὸς</span> <span class='ocrx_word' id='word_1_483' title='bbox 1106 4170 1199 4223; x_wconf 77' lang='grc' dir='ltr'>τοῦ</span> <span class='ocrx_word' id='word_1_484' title='bbox 1235 4170 1406 4225; x_wconf 90' lang='grc' dir='ltr'><strong>κακοῦ</strong></span> <span class='ocrx_word' id='word_1_485' title='bbox 1440 4172 1692 4243; x_wconf 75' lang='grc' dir='ltr'>διαϐολὴν</span> <span class='ocrx_word' id='word_1_486' title='bbox 1726 4173 1803 4244; x_wconf 86' lang='grc' dir='ltr'>τῷ</span> 
     </span>
    </p>
   </div>
   <div class='ocr_carea' id='block_1_71' title="bbox 218 4254 1805 4336">
    <p class='ocr_par' dir='ltr' id='par_1_71' title="bbox 218 4254 1805 4336">
     <span class='ocr_line' id='line_1_71' title="bbox 218 4254 1805 4336; baseline 0.008 -27"><span class='ocrx_word' id='word_1_487' title='bbox 218 4254 498 4327; x_wconf 79' lang='grc' dir='ltr'>ἀνθρώπῳ</span> <span class='ocrx_word' id='word_1_488' title='bbox 527 4257 775 4325; x_wconf 80' lang='grc' dir='ltr'>φυσικῶς</span> <span class='ocrx_word' id='word_1_489' title='bbox 826 4259 1116 4331; x_wconf 81' lang='grc' dir='ltr'>ἐνθέμενος</span> <span class='ocrx_word' id='word_1_490' title='bbox 1154 4264 1182 4316; x_wconf 85' lang='grc' dir='ltr'><strong>δ</strong></span> <span class='ocrx_word' id='word_1_491' title='bbox 1224 4263 1378 4329; x_wconf 84' lang='grc' dir='ltr'>Θεὸς,</span> <span class='ocrx_word' id='word_1_492' title='bbox 1407 4265 1676 4336; x_wconf 87' lang='grc' dir='ltr'>διέκρινεν</span> <span class='ocrx_word' id='word_1_493' title='bbox 1715 4269 1805 4321; x_wconf 89' lang='grc' dir='ltr'>αὑ-</span> 
     </span>
    </p>
   </div>
   <div class='ocr_carea' id='block_1_72' title="bbox 217 4347 1801 4430">
    <p class='ocr_par' dir='ltr' id='par_1_72' title="bbox 217 4347 1801 4430">
     <span class='ocr_line' id='line_1_72' title="bbox 217 4347 1801 4430; baseline 0.008 -31"><span class='ocrx_word' id='word_1_494' title='bbox 217 4347 313 4400; x_wconf 86' lang='grc' dir='ltr'><strong>τὸν</strong></span> <span class='ocrx_word' id='word_1_495' title='bbox 338 4347 441 4418; x_wconf 83' lang='grc' dir='ltr'><strong>τῆς</strong></span> <span class='ocrx_word' id='word_1_496' title='bbox 481 4350 657 4419; x_wconf 75' lang='grc' dir='ltr'>ζωῆς,</span> <span class='ocrx_word' id='word_1_497' title='bbox 705 4351 877 4405; x_wconf 86' lang='grc' dir='ltr'>κακὸν</span> <span class='ocrx_word' id='word_1_498' title='bbox 923 4356 989 4423; x_wconf 84' lang='grc' dir='ltr'>τῇ</span> <span class='ocrx_word' id='word_1_499' title='bbox 1038 4355 1358 4425; x_wconf 87' lang='grc' dir='ltr'>προαιρέσει</span> <span class='ocrx_word' id='word_1_500' title='bbox 1406 4359 1801 4430; x_wconf 84' lang='grc' dir='ltr'>γεγενημένον·</span> 
     </span>
    </p>
   </div>
   <div class='ocr_carea' id='block_1_73' title="bbox 220 4439 1805 4524">
    <p class='ocr_par' dir='ltr' id='par_1_73' title="bbox 220 4439 1805 4524">
     <span class='ocr_line' id='line_1_73' title="bbox 220 4439 1805 4524; baseline 0.009 -33"><span class='ocrx_word' id='word_1_501' title='bbox 220 4439 309 4491; x_wconf 84' lang='grc' dir='ltr'><strong>ἵνα</strong></span> <span class='ocrx_word' id='word_1_502' title='bbox 372 4440 448 4511; x_wconf 84' lang='grc' dir='ltr'>μὴ</span> <span class='ocrx_word' id='word_1_503' title='bbox 498 4443 561 4494; x_wconf 85' lang='grc' dir='ltr'><strong>τὸ</strong></span> <span class='ocrx_word' id='word_1_504' title='bbox 616 4444 786 4497; x_wconf 87' lang='grc' dir='ltr'>κακὸν</span> <span class='ocrx_word' id='word_1_505' title='bbox 836 4444 1129 4515; x_wconf 87' lang='grc' dir='ltr'>πράττων,</span> <span class='ocrx_word' id='word_1_506' title='bbox 1182 4446 1405 4518; x_wconf 76' lang='grc' dir='ltr'>δύνηται</span> <span class='ocrx_word' id='word_1_507' title='bbox 1469 4452 1653 4504; x_wconf 77' lang='grc' dir='ltr'>πεῖσαι</span> <span class='ocrx_word' id='word_1_508' title='bbox 1708 4455 1805 4524; x_wconf 78' lang='grc' dir='ltr'><strong>τὴν</strong></span> 
     </span>
    </p>
   </div>
   <div class='ocr_carea' id='block_1_74' title="bbox 1902 3250 3484 3322">
    <p class='ocr_par' dir='ltr' id='par_1_74' title="bbox 1902 3250 3484 3322">
     <span class='ocr_line' id='line_1_74' title="bbox 1902 3250 3484 3322; baseline 0.001 -17"><span class='ocrx_word' id='word_1_509' title='bbox 1902 3250 2197 3305; x_wconf 74' lang='lat' dir='ltr'><strong>affectibus</strong></span> <span class='ocrx_word' id='word_1_510' title='bbox 2224 3266 2427 3305; x_wconf 74' lang='lat' dir='ltr'><strong>vacans</strong></span> <span class='ocrx_word' id='word_1_511' title='bbox 2455 3268 2550 3305; x_wconf 90' lang='lat' dir='ltr'><strong>seu</strong></span> <span class='ocrx_word' id='word_1_512' title='bbox 2587 3252 2881 3306; x_wconf 88' lang='lat' dir='ltr'><strong>libidinosa</strong></span> <span class='ocrx_word' id='word_1_513' title='bbox 2918 3254 3038 3322; x_wconf 86' lang='lat' dir='ltr'><strong>ejus</strong></span> <span class='ocrx_word' id='word_1_514' title='bbox 3071 3269 3198 3321; x_wconf 72' lang='lat' dir='ltr'><strong>erga</strong></span> <span class='ocrx_word' id='word_1_515' title='bbox 3233 3253 3484 3322; x_wconf 76' lang='lat' dir='ltr'><strong>spiritum</strong></span> 
     </span>
    </p>
   </div>
   <div class='ocr_carea' id='block_1_75' title="bbox 1901 3340 3485 3408">
    <p class='ocr_par' dir='ltr' id='par_1_75' title="bbox 1901 3340 3485 3408">
     <span class='ocr_line' id='line_1_75' title="bbox 1901 3340 3485 3408; baseline 0.003 -14"><span class='ocrx_word' id='word_1_516' title='bbox 1901 3340 2150 3408; x_wconf 80' lang='lat' dir='ltr'><strong>aﬂectio;</strong></span> <span class='ocrx_word' id='word_1_517' title='bbox 2186 3344 2387 3395; x_wconf 91' lang='lat' dir='ltr'><strong>malum</strong></span> <span class='ocrx_word' id='word_1_518' title='bbox 2414 3360 2567 3407; x_wconf 83' lang='lat' dir='ltr'><strong>vero,</strong></span> <span class='ocrx_word' id='word_1_519' title='bbox 2596 3344 2888 3398; x_wconf 88' lang='lat' dir='ltr'><strong>libidinosa</strong></span> <span class='ocrx_word' id='word_1_520' title='bbox 2923 3355 2978 3398; x_wconf 82' lang='lat' dir='ltr'><strong>et</strong></span> <span class='ocrx_word' id='word_1_521' title='bbox 3003 3362 3126 3399; x_wconf 88' lang='lat' dir='ltr'><strong>etnn</strong></span> <span class='ocrx_word' id='word_1_522' title='bbox 3158 3346 3357 3399; x_wconf 76' lang='lat' dir='ltr'><strong>affectu</strong></span> <span class='ocrx_word' id='word_1_523' title='bbox 3389 3362 3485 3401; x_wconf 90' lang='lat' dir='ltr'><strong>seu</strong></span> 
     </span>
    </p>
   </div>
   <div class='ocr_carea' id='block_1_76' title="bbox 1900 3432 3483 3503">
    <p class='ocr_par' dir='ltr' id='par_1_76' title="bbox 1900 3432 3483 3503">
     <span class='ocr_line' id='line_1_76' title="bbox 1900 3432 3483 3503; baseline 0.003 -19"><span class='ocrx_word' id='word_1_524' title='bbox 1900 3432 2317 3499; x_wconf 87' lang='lat' dir='ltr'><strong>perturbatione</strong></span> <span class='ocrx_word' id='word_1_525' title='bbox 2364 3449 2490 3503; x_wconf 82' lang='lat' dir='ltr'><strong>erga</strong></span> <span class='ocrx_word' id='word_1_526' title='bbox 2538 3450 2759 3489; x_wconf 90' lang='lat' dir='ltr'><strong>sensum</strong></span> <span class='ocrx_word' id='word_1_527' title='bbox 2811 3435 3078 3488; x_wconf 91' lang='lat' dir='ltr'><strong>habitudo</strong></span> <span class='ocrx_word' id='word_1_528' title='bbox 3129 3450 3193 3489; x_wconf 89' lang='lat' dir='ltr'><strong>ac</strong></span> <span class='ocrx_word' id='word_1_529' title='bbox 3244 3436 3483 3491; x_wconf 83' lang='lat' dir='ltr'><strong>affectio.</strong></span> 
     </span>
    </p>
   </div>
   <div class='ocr_carea' id='block_1_77' title="bbox 1904 3522 3487 3596">
    <p class='ocr_par' dir='ltr' id='par_1_77' title="bbox 1904 3522 3487 3596">
     <span class='ocr_line' id='line_1_77' title="bbox 1904 3522 3487 3596; baseline 0.003 -20"><span class='ocrx_word' id='word_1_530' title='bbox 1904 3522 2113 3578; x_wconf 90' lang='lat' dir='ltr'><strong>Sensus</strong></span> <span class='ocrx_word' id='word_1_531' title='bbox 2136 3534 2317 3577; x_wconf 91' lang='lat' dir='ltr'><strong>autem</strong></span> <span class='ocrx_word' id='word_1_532' title='bbox 2346 3526 2573 3587; x_wconf 88' lang='lat' dir='ltr'><strong>bonum,</strong></span> <span class='ocrx_word' id='word_1_533' title='bbox 2595 3543 2806 3596; x_wconf 89' lang='lat' dir='ltr'><strong>pronus</strong></span> <span class='ocrx_word' id='word_1_534' title='bbox 2827 3536 2911 3581; x_wconf 91' lang='lat' dir='ltr'><strong>est</strong></span> <span class='ocrx_word' id='word_1_535' title='bbox 2934 3527 3232 3596; x_wconf 87' lang='lat' dir='ltr'><strong>voluptatis</strong></span> <span class='ocrx_word' id='word_1_536' title='bbox 3255 3528 3487 3581; x_wconf 86' lang='lat' dir='ltr'><strong>libidine</strong></span> 
     </span>
    </p>
   </div>
   <div class='ocr_carea' id='block_1_78' title="bbox 1902 3612 3487 3685">
    <p class='ocr_par' dir='ltr' id='par_1_78' title="bbox 1902 3612 3487 3685">
     <span class='ocr_line' id='line_1_78' title="bbox 1902 3612 3487 3685; baseline 0.002 -20"><span class='ocrx_word' id='word_1_537' title='bbox 1902 3612 1957 3665; x_wconf 89' lang='lat' dir='ltr'><strong>in</strong></span> <span class='ocrx_word' id='word_1_538' title='bbox 1994 3628 2196 3683; x_wconf 91' lang='lat' dir='ltr'><strong>corpus</strong></span> <span class='ocrx_word' id='word_1_539' title='bbox 2232 3623 2445 3679; x_wconf 89' lang='lat' dir='ltr'><strong>motus;</strong></span> <span class='ocrx_word' id='word_1_540' title='bbox 2485 3615 2688 3669; x_wconf 92' lang='lat' dir='ltr'><strong>malum</strong></span> <span class='ocrx_word' id='word_1_541' title='bbox 2724 3632 2885 3677; x_wconf 87' lang='lat' dir='ltr'><strong>vero,</strong></span> <span class='ocrx_word' id='word_1_542' title='bbox 2916 3632 3036 3684; x_wconf 77' lang='lat' dir='ltr'><strong>quae</strong></span> <span class='ocrx_word' id='word_1_543' title='bbox 3070 3630 3167 3684; x_wconf 86' lang='lat' dir='ltr'><strong>per</strong></span> <span class='ocrx_word' id='word_1_544' title='bbox 3201 3614 3349 3669; x_wconf 89' lang='lat' dir='ltr'><strong>illius</strong></span> <span class='ocrx_word' id='word_1_545' title='bbox 3380 3617 3487 3685; x_wconf 91' lang='lat' dir='ltr'><strong>pri-</strong></span> 
     </span>
    </p>
   </div>
   <div class='ocr_carea' id='block_1_79' title="bbox 1904 3703 3098 3775">
    <p class='ocr_par' dir='ltr' id='par_1_79' title="bbox 1904 3703 3098 3775">
     <span class='ocr_line' id='line_1_79' title="bbox 1904 3703 3098 3775; baseline 0.005 -20"><span class='ocrx_word' id='word_1_546' title='bbox 1904 3703 2179 3759; x_wconf 88' lang='lat' dir='ltr'><strong>vationem</strong></span> <span class='ocrx_word' id='word_1_547' title='bbox 2208 3706 2496 3775; x_wconf 86' lang='lat' dir='ltr'><strong>dispositio</strong></span> <span class='ocrx_word' id='word_1_548' title='bbox 2526 3722 2589 3761; x_wconf 89' lang='lat' dir='ltr'><strong>ac</strong></span> <span class='ocrx_word' id='word_1_549' title='bbox 2617 3708 2836 3762; x_wconf 72' lang='lat' dir='ltr'><strong>affectio</strong></span> <span class='ocrx_word' id='word_1_550' title='bbox 2869 3708 3098 3762; x_wconf 89' lang='lat' dir='ltr'><strong>accedit.</strong></span> 
     </span>
    </p>
   </div>
   <div class='ocr_carea' id='block_1_80' title="bbox 1971 3795 3487 3863">
    <p class='ocr_par' dir='ltr' id='par_1_80' title="bbox 1971 3795 3487 3863">
     <span class='ocr_line' id='line_1_80' title="bbox 1971 3795 3487 3863; baseline 0.003 -14"><span class='ocrx_word' id='word_1_551' title='bbox 1971 3795 2062 3851; x_wconf 81' lang='lat'><strong>36.</strong></span> <span class='ocrx_word' id='word_1_552' title='bbox 2094 3796 2195 3862; x_wconf 86' lang='lat' dir='ltr'><strong>Qui</strong></span> <span class='ocrx_word' id='word_1_553' title='bbox 2244 3808 2438 3853; x_wconf 89' lang='lat' dir='ltr'><strong>auctor</strong></span> <span class='ocrx_word' id='word_1_554' title='bbox 2475 3800 2827 3854; x_wconf 68' lang='lat' dir='ltr'><strong>conscientia:</strong></span> <span class='ocrx_word' id='word_1_555' title='bbox 2866 3808 2971 3863; x_wconf 90' lang='lat' dir='ltr'><strong>est,</strong></span> <span class='ocrx_word' id='word_1_556' title='bbox 3007 3810 3068 3854; x_wconf 92' lang='lat' dir='ltr'><strong>ut</strong></span> <span class='ocrx_word' id='word_1_557' title='bbox 3107 3800 3255 3855; x_wconf 91' lang='lat' dir='ltr'><strong>velut</strong></span> <span class='ocrx_word' id='word_1_558' title='bbox 3297 3808 3487 3855; x_wconf 89' lang='lat' dir='ltr'><strong>natura</strong></span> 
     </span>
    </p>
   </div>
   <div class='ocr_carea' id='block_1_81' title="bbox 1901 3887 3488 3959">
    <p class='ocr_par' dir='ltr' id='par_1_81' title="bbox 1901 3887 3488 3959">
     <span class='ocr_line' id='line_1_81' title="bbox 1901 3887 3488 3959; baseline 0.001 -18"><span class='ocrx_word' id='word_1_559' title='bbox 1901 3887 2145 3950; x_wconf 86' lang='lat' dir='ltr'><strong>bonum,</strong></span> <span class='ocrx_word' id='word_1_560' title='bbox 2211 3888 2358 3957; x_wconf 84' lang='lat' dir='ltr'><strong>qund</strong></span> <span class='ocrx_word' id='word_1_561' title='bbox 2431 3898 2515 3943; x_wconf 87' lang='lat' dir='ltr'><strong>est</strong></span> <span class='ocrx_word' id='word_1_562' title='bbox 2582 3890 2883 3958; x_wconf 87' lang='lat' dir='ltr'><strong>pessinmm</strong></span> <span class='ocrx_word' id='word_1_563' title='bbox 2953 3904 3122 3959; x_wconf 91' lang='lat' dir='ltr'><strong>opere</strong></span> <span class='ocrx_word' id='word_1_564' title='bbox 3185 3890 3488 3944; x_wconf 83' lang='lat' dir='ltr'><strong>exercitum</strong></span> 
     </span>
    </p>
   </div>
   <div class='ocr_carea' id='block_1_82' title="bbox 1904 3979 3485 4052">
    <p class='ocr_par' dir='ltr' id='par_1_82' title="bbox 1904 3979 3485 4052">
     <span class='ocr_line' id='line_1_82' title="bbox 1904 3979 3485 4052; baseline 0.002 -19"><span class='ocrx_word' id='word_1_565' title='bbox 1904 3979 2128 4046; x_wconf 86' lang='lat' dir='ltr'><strong>habeat;</strong></span> <span class='ocrx_word' id='word_1_566' title='bbox 2168 3981 2243 4045; x_wconf 87' lang='lat' dir='ltr'><strong>is,</strong></span> <span class='ocrx_word' id='word_1_567' title='bbox 2271 3982 2429 4050; x_wconf 86' lang='lat' dir='ltr'><strong>quasi</strong></span> <span class='ocrx_word' id='word_1_568' title='bbox 2471 3998 2692 4035; x_wconf 91' lang='lat' dir='ltr'><strong>manum</strong></span> <span class='ocrx_word' id='word_1_569' title='bbox 2733 3982 2949 4052; x_wconf 81' lang='lat' dir='ltr'><strong>(agendi</strong></span> <span class='ocrx_word' id='word_1_570' title='bbox 2987 3983 3118 4051; x_wconf 91' lang='lat' dir='ltr'><strong>vim)</strong></span> <span class='ocrx_word' id='word_1_571' title='bbox 3155 3985 3485 4044; x_wconf 80' lang='lat' dir='ltr'><strong>extendens,</strong></span> 
     </span>
    </p>
   </div>
   <div class='ocr_carea' id='block_1_83' title="bbox 1902 4071 3489 4146">
    <p class='ocr_par' dir='ltr' id='par_1_83' title="bbox 1902 4071 3489 4146">
     <span class='ocr_line' id='line_1_83' title="bbox 1902 4071 3489 4146; baseline 0.001 -20"><span class='ocrx_word' id='word_1_572' title='bbox 1902 4071 1973 4127; x_wconf 89' lang='lat' dir='ltr'><strong>de</strong></span> <span class='ocrx_word' id='word_1_573' title='bbox 2008 4073 2157 4141; x_wconf 80' lang='lat' dir='ltr'><strong>ligno</strong></span> <span class='ocrx_word' id='word_1_574' title='bbox 2190 4074 2345 4135; x_wconf 59' lang='lat' dir='ltr'><strong>vitm,</strong></span> <span class='ocrx_word' id='word_1_575' title='bbox 2380 4074 2694 4127; x_wconf 90' lang='lat' dir='ltr'><strong>damnando</strong></span> <span class='ocrx_word' id='word_1_576' title='bbox 2732 4075 2977 4129; x_wconf 86' lang='lat' dir='ltr'><strong>facinore</strong></span> <span class='ocrx_word' id='word_1_577' title='bbox 3014 4076 3251 4146; x_wconf 89' lang='lat' dir='ltr'><strong>accepit;</strong></span> <span class='ocrx_word' id='word_1_578' title='bbox 3296 4085 3489 4129; x_wconf 90' lang='lat' dir='ltr'><strong>natura</strong></span> 
     </span>
    </p>
   </div>
   <div class='ocr_carea' id='block_1_84' title="bbox 1903 4165 3486 4236">
    <p class='ocr_par' dir='ltr' id='par_1_84' title="bbox 1903 4165 3486 4236">
     <span class='ocr_line' id='line_1_84' title="bbox 1903 4165 3486 4236; baseline 0.003 -18"><span class='ocrx_word' id='word_1_579' title='bbox 1903 4173 2057 4219; x_wconf 84' lang='lat' dir='ltr'><strong>ratus</strong></span> <span class='ocrx_word' id='word_1_580' title='bbox 2096 4165 2438 4227; x_wconf 88' lang='lat' dir='ltr'><strong>immortale,</strong></span> <span class='ocrx_word' id='word_1_581' title='bbox 2467 4167 2614 4236; x_wconf 89' lang='lat' dir='ltr'><strong>quod</strong></span> <span class='ocrx_word' id='word_1_582' title='bbox 2654 4167 2705 4220; x_wconf 91' lang='lat' dir='ltr'><strong>in</strong></span> <span class='ocrx_word' id='word_1_583' title='bbox 2744 4167 3001 4236; x_wconf 83' lang='lat' dir='ltr'><strong>pessimis</strong></span> <span class='ocrx_word' id='word_1_584' title='bbox 3038 4167 3350 4221; x_wconf 82' lang='lat' dir='ltr'><strong>habendum</strong></span> <span class='ocrx_word' id='word_1_585' title='bbox 3385 4178 3486 4223; x_wconf 90' lang='lat' dir='ltr'><strong>est.</strong></span> 
     </span>
    </p>
   </div>
   <div class='ocr_carea' id='block_1_85' title="bbox 1904 4255 3492 4326">
    <p class='ocr_par' dir='ltr' id='par_1_85' title="bbox 1904 4255 3492 4326">
     <span class='ocr_line' id='line_1_85' title="bbox 1904 4255 3492 4326; baseline 0.003 -17"><span class='ocrx_word' id='word_1_586' title='bbox 1904 4255 2048 4309; x_wconf 87' lang='lat' dir='ltr'><strong>Dens</strong></span> <span class='ocrx_word' id='word_1_587' title='bbox 2085 4256 2290 4324; x_wconf 88' lang='lat' dir='ltr'><strong>itaque,</strong></span> <span class='ocrx_word' id='word_1_588' title='bbox 2319 4259 2413 4326; x_wconf 91' lang='lat' dir='ltr'><strong>qui</strong></span> <span class='ocrx_word' id='word_1_589' title='bbox 2449 4267 2644 4312; x_wconf 89' lang='lat' dir='ltr'><strong>natura</strong></span> <span class='ocrx_word' id='word_1_590' title='bbox 2678 4258 2889 4312; x_wconf 91' lang='lat' dir='ltr'><strong>homini</strong></span> <span class='ocrx_word' id='word_1_591' title='bbox 2928 4258 3221 4322; x_wconf 90' lang='lat' dir='ltr'><strong>indiderat,</strong></span> <span class='ocrx_word' id='word_1_592' title='bbox 3251 4268 3328 4323; x_wconf 91' lang='lat' dir='ltr'><strong>ut,</strong></span> <span class='ocrx_word' id='word_1_593' title='bbox 3362 4276 3492 4313; x_wconf 87' lang='lat' dir='ltr'><strong>con-</strong></span> 
     </span>
    </p>
   </div>
   <div class='ocr_carea' id='block_1_86' title="bbox 1905 4348 3491 4419">
    <p class='ocr_par' dir='ltr' id='par_1_86' title="bbox 1905 4348 3491 4419">
     <span class='ocr_line' id='line_1_86' title="bbox 1905 4348 3491 4419; baseline 0.003 -18"><span class='ocrx_word' id='word_1_594' title='bbox 1905 4348 2131 4402; x_wconf 89' lang='lat' dir='ltr'><strong>scientia</strong></span> <span class='ocrx_word' id='word_1_595' title='bbox 2181 4349 2385 4418; x_wconf 83' lang='lat' dir='ltr'><strong>judice,</strong></span> <span class='ocrx_word' id='word_1_596' title='bbox 2420 4352 2623 4404; x_wconf 90' lang='lat' dir='ltr'><strong>malum</strong></span> <span class='ocrx_word' id='word_1_597' title='bbox 2669 4351 3041 4419; x_wconf 89' lang='lat' dir='ltr'><strong>vituperaret,</strong></span> <span class='ocrx_word' id='word_1_598' title='bbox 3088 4352 3343 4406; x_wconf 91' lang='lat' dir='ltr'><strong>eumdem</strong></span> <span class='ocrx_word' id='word_1_599' title='bbox 3394 4367 3491 4406; x_wconf 79' lang='lat' dir='ltr'><strong>sua</strong></span> 
     </span>
    </p>
   </div>
   <div class='ocr_carea' id='block_1_87' title="bbox 1908 4439 3491 4510">
    <p class='ocr_par' dir='ltr' id='par_1_87' title="bbox 1908 4439 3491 4510">
     <span class='ocr_line' id='line_1_87' title="bbox 1908 4439 3491 4510; baseline 0.003 -17"><span class='ocrx_word' id='word_1_600' title='bbox 1908 4439 2084 4510; x_wconf 90' lang='lat' dir='ltr'><strong>ipsum</strong></span> <span class='ocrx_word' id='word_1_601' title='bbox 2111 4442 2392 4497; x_wconf 88' lang='lat' dir='ltr'><strong>voluntate</strong></span> <span class='ocrx_word' id='word_1_602' title='bbox 2423 4457 2485 4496; x_wconf 90' lang='lat' dir='ltr'><strong>ac</strong></span> <span class='ocrx_word' id='word_1_603' title='bbox 2511 4443 2745 4497; x_wconf 87' lang='lat' dir='ltr'><strong>arbitrio</strong></span> <span class='ocrx_word' id='word_1_604' title='bbox 2777 4445 2982 4497; x_wconf 91' lang='lat' dir='ltr'><strong>malum</strong></span> <span class='ocrx_word' id='word_1_605' title='bbox 3018 4443 3299 4507; x_wconf 81' lang='lat' dir='ltr'><strong>eﬂ‘ectum,</strong></span> <span class='ocrx_word' id='word_1_606' title='bbox 3327 4459 3356 4497; x_wconf 90' lang='lat' dir='ltr'><strong>a</strong></span> <span class='ocrx_word' id='word_1_607' title='bbox 3382 4445 3491 4497; x_wconf 78' lang='lat' dir='ltr'><strong>vita</strong></span> 
     </span>
    </p>
   </div>
   <div class='ocr_carea' id='block_1_88' title="bbox 223 4530 1797 4616">
    <p class='ocr_par' dir='ltr' id='par_1_88' title="bbox 223 4530 1797 4616">
     <span class='ocr_line' id='line_1_88' title="bbox 223 4530 1797 4616; baseline 0.01 -33"><span class='ocrx_word' id='word_1_608' title='bbox 223 4530 363 4583; x_wconf 75' lang='grc' dir='ltr'>ἰδίαν</span> <span class='ocrx_word' id='word_1_609' title='bbox 396 4534 723 4602; x_wconf 81' lang='grc' dir='ltr'>συνείδησιν,</span> <span class='ocrx_word' id='word_1_610' title='bbox 774 4535 857 4589; x_wconf 83' lang='grc' dir='ltr'><strong>ὅτι</strong></span> <span class='ocrx_word' id='word_1_611' title='bbox 911 4536 1071 4606; x_wconf 87' lang='grc' dir='ltr'>φύσει</span> <span class='ocrx_word' id='word_1_612' title='bbox 1120 4539 1283 4593; x_wconf 90' lang='grc' dir='ltr'>καλὸν</span> <span class='ocrx_word' id='word_1_613' title='bbox 1323 4541 1560 4616; x_wconf 84' lang='grc' dir='ltr'>ὑπάρχει</span> <span class='ocrx_word' id='word_1_614' title='bbox 1595 4543 1656 4596; x_wconf 83' lang='grc' dir='ltr'><strong>τὸ</strong></span> <span class='ocrx_word' id='word_1_615' title='bbox 1705 4546 1797 4599; x_wconf 82' lang='grc' dir='ltr'>κά·</span> 
     </span>
    </p>
   </div>
   <div class='ocr_carea' id='block_1_89' title="bbox 1897 4530 3495 4616">
    <p class='ocr_par' dir='ltr' id='par_1_89' title="bbox 1906 4532 3495 4604">
     <span class='ocr_line' id='line_1_89' title="bbox 1906 4532 3495 4604; baseline 0.002 -20"><span class='ocrx_word' id='word_1_616' title='bbox 1906 4533 2214 4601; x_wconf 77' lang='lat' dir='ltr'><strong>segregavit</strong></span> <span class='ocrx_word' id='word_1_617' title='bbox 2252 4550 2264 4584; x_wconf 90' lang='lat'>:</span> <span class='ocrx_word' id='word_1_618' title='bbox 2303 4549 2370 4586; x_wconf 91' lang='lat' dir='ltr'><strong>ne</strong></span> <span class='ocrx_word' id='word_1_619' title='bbox 2407 4532 2537 4586; x_wconf 89' lang='lat' dir='ltr'><strong>dum</strong></span> <span class='ocrx_word' id='word_1_620' title='bbox 2575 4533 2777 4586; x_wconf 88' lang='lat' dir='ltr'><strong>malum</strong></span> <span class='ocrx_word' id='word_1_621' title='bbox 2820 4532 2960 4604; x_wconf 82' lang='lat' dir='ltr'><strong>agit,</strong></span> <span class='ocrx_word' id='word_1_622' title='bbox 2997 4534 3351 4587; x_wconf 64' lang='lat' dir='ltr'><strong>conscientiae</strong></span> <span class='ocrx_word' id='word_1_623' title='bbox 3382 4549 3495 4588; x_wconf 72' lang='lat' dir='ltr'><strong>sua:</strong></span> 
     </span>
    </p>
   </div>
   <div class='ocr_carea' id='block_1_90' title="bbox 219 4637 433 4675">
    <p class='ocr_par' dir='ltr' id='par_1_90' title="bbox 219 4637 433 4675">
     <span class='ocr_line' id='line_1_90' title="bbox 219 4637 433 4675; baseline 0.009 -2"><span class='ocrx_word' id='word_1_624' title='bbox 219 4637 280 4673; x_wconf 77' lang='grc' dir='ltr'><strong>κι</strong></span> <span class='ocrx_word' id='word_1_625' title='bbox 287 4638 318 4673; x_wconf 90' lang='grc' dir='ltr'><strong>σ</strong></span> <span class='ocrx_word' id='word_1_626' title='bbox 322 4638 433 4675; x_wconf 88' lang='grc' dir='ltr'>τον.</span> 
     </span>
    </p>
   </div>
   <div class='ocr_carea' id='block_1_91' title="bbox 294 4785 1804 4869">
    <p class='ocr_par' dir='ltr' id='par_1_91' title="bbox 294 4785 1804 4869">
     <span class='ocr_line' id='line_1_91' title="bbox 294 4785 1804 4869; baseline 0.007 -30"><span class='ocrx_word' id='word_1_627' title='bbox 294 4785 375 4851; x_wconf 77' lang='grc' dir='ltr'><strong>λζ’</strong></span> <span class='ocrx_word' id='word_1_628' title='bbox 449 4785 515 4840; x_wconf 85' lang='grc' dir='ltr'><strong><em>Ἥ</em></strong></span> <span class='ocrx_word' id='word_1_629' title='bbox 548 4786 811 4858; x_wconf 78' lang='grc' dir='ltr'>ἄμπελος,</span> <span class='ocrx_word' id='word_1_630' title='bbox 848 4785 991 4843; x_wconf 76' lang='grc' dir='ltr'>οἶνον</span> <span class='ocrx_word' id='word_1_631' title='bbox 1040 4794 1215 4845; x_wconf 79' lang='grc' dir='ltr'>ποιεῖ·</span> <span class='ocrx_word' id='word_1_632' title='bbox 1247 4793 1275 4846; x_wconf 79' lang='grc' dir='ltr'><strong>δ</strong></span> <span class='ocrx_word' id='word_1_633' title='bbox 1306 4791 1468 4856; x_wconf 82' lang='grc' dir='ltr'>οἰνος,</span> <span class='ocrx_word' id='word_1_634' title='bbox 1517 4796 1690 4867; x_wconf 85' lang='grc' dir='ltr'>μέθην</span> <span class='ocrx_word' id='word_1_635' title='bbox 1713 4815 1726 4829; x_wconf 89' lang='grc'><strong>·</strong></span> <span class='ocrx_word' id='word_1_636' title='bbox 1770 4801 1804 4869; x_wconf 80' lang='grc' dir='ltr'>ἡ</span> 
     </span>
    </p>
   </div>
   <div class='ocr_carea' id='block_1_92' title="bbox 227 4874 1809 4959">
    <p class='ocr_par' dir='ltr' id='par_1_92' title="bbox 227 4874 1809 4959">
     <span class='ocr_line' id='line_1_92' title="bbox 227 4874 1809 4959; baseline 0.012 -32"><span class='ocrx_word' id='word_1_637' title='bbox 227 4875 394 4946; x_wconf 89' lang='grc' dir='ltr'>μέθη,</span> <span class='ocrx_word' id='word_1_638' title='bbox 423 4875 698 4933; x_wconf 79' lang='grc' dir='ltr'>ἔκστασιν.</span> <span class='ocrx_word' id='word_1_639' title='bbox 732 4880 940 4934; x_wconf 81' lang='grc' dir='ltr'>Οὑκοῦν</span> <span class='ocrx_word' id='word_1_640' title='bbox 964 4884 992 4935; x_wconf 88' lang='grc' dir='ltr'><strong>ὀ</strong></span> <span class='ocrx_word' id='word_1_641' title='bbox 1012 4884 1239 4954; x_wconf 82' lang='grc' dir='ltr'>ἐνεργὴς</span> <span class='ocrx_word' id='word_1_642' title='bbox 1266 4885 1442 4953; x_wconf 88' lang='grc' dir='ltr'>λόγος,</span> <span class='ocrx_word' id='word_1_643' title='bbox 1482 4874 1620 4959; x_wconf 84' lang='grc' dir='ltr'>ὅπερ</span> <span class='ocrx_word' id='word_1_644' title='bbox 1659 4892 1809 4945; x_wconf 77' lang='grc' dir='ltr'>ἐστιν</span> 
     </span>
    </p>
   </div>
   <div class='ocr_carea' id='block_1_93' title="bbox 224 4966 1810 5052">
    <p class='ocr_par' dir='ltr' id='par_1_93' title="bbox 224 4966 1810 5052">
     <span class='ocr_line' id='line_1_93' title="bbox 224 4966 1810 5052; baseline 0.009 -33"><span class='ocrx_word' id='word_1_645' title='bbox 224 4968 259 5036; x_wconf 76' lang='grc' dir='ltr'>ἡ</span> <span class='ocrx_word' id='word_1_646' title='bbox 304 4966 570 5036; x_wconf 79' lang='grc' dir='ltr'>ἄμπελος,</span> <span class='ocrx_word' id='word_1_647' title='bbox 626 4970 1039 5042; x_wconf 87' lang='grc' dir='ltr'>γεωργούμενος</span> <span class='ocrx_word' id='word_1_648' title='bbox 1065 4976 1189 5034; x_wconf 88' lang='grc' dir='ltr'>ταῖς</span> <span class='ocrx_word' id='word_1_649' title='bbox 1236 4974 1479 5044; x_wconf 80' lang='grc' dir='ltr'>ἀρεταῖς,</span> <span class='ocrx_word' id='word_1_650' title='bbox 1520 4981 1682 5049; x_wconf 72' lang='grc' dir='ltr'>γεννᾷ</span> <span class='ocrx_word' id='word_1_651' title='bbox 1711 4983 1810 5052; x_wconf 81' lang='grc' dir='ltr'>τὴν</span> 
     </span>
    </p>
   </div>
   <div class='ocr_carea' id='block_1_94' title="bbox 222 5058 1811 5144">
    <p class='ocr_par' dir='ltr' id='par_1_94' title="bbox 222 5058 1811 5144">
     <span class='ocr_line' id='line_1_94' title="bbox 222 5058 1811 5144; baseline 0.011 -36"><span class='ocrx_word' id='word_1_652' title='bbox 222 5058 429 5127; x_wconf 82' lang='grc' dir='ltr'>γνῶσιν</span> <span class='ocrx_word' id='word_1_653' title='bbox 447 5076 462 5091; x_wconf 81' lang='grc' dir='ltr'><strong>ο</strong></span> <span class='ocrx_word' id='word_1_654' title='bbox 490 5061 523 5130; x_wconf 82' lang='grc' dir='ltr'><strong>ή</strong></span> <span class='ocrx_word' id='word_1_655' title='bbox 554 5059 610 5114; x_wconf 88' lang='grc' dir='ltr'>δὲ</span> <span class='ocrx_word' id='word_1_656' title='bbox 639 5062 859 5130; x_wconf 88' lang='grc' dir='ltr'>γνῶσις,</span> <span class='ocrx_word' id='word_1_657' title='bbox 894 5066 1057 5136; x_wconf 80' lang='grc' dir='ltr'>γεννᾷ</span> <span class='ocrx_word' id='word_1_658' title='bbox 1078 5065 1178 5137; x_wconf 85' lang='grc' dir='ltr'><strong>τὴν</strong></span> <span class='ocrx_word' id='word_1_659' title='bbox 1207 5066 1379 5137; x_wconf 80' lang='grc' dir='ltr'>καλὴν</span> <span class='ocrx_word' id='word_1_660' title='bbox 1406 5067 1681 5134; x_wconf 77' lang='grc' dir='ltr'>ἔκστασιν,</span> <span class='ocrx_word' id='word_1_661' title='bbox 1712 5072 1811 5144; x_wconf 80' lang='grc' dir='ltr'>τὴν</span> 
     </span>
    </p>
   </div>
   <div class='ocr_carea' id='block_1_95' title="bbox 222 5148 1683 5227">
    <p class='ocr_par' dir='ltr' id='par_1_95' title="bbox 222 5148 1683 5227">
     <span class='ocr_line' id='line_1_95' title="bbox 222 5148 1683 5227; baseline 0.01 -24"><span class='ocrx_word' id='word_1_662' title='bbox 222 5149 319 5203; x_wconf 78' lang='grc' dir='ltr'><strong>τὸν</strong></span> <span class='ocrx_word' id='word_1_663' title='bbox 351 5148 476 5203; x_wconf 79' lang='grc' dir='ltr'>νοῦν</span> <span class='ocrx_word' id='word_1_664' title='bbox 511 5151 612 5222; x_wconf 91' lang='grc' dir='ltr'><strong>τῆς</strong></span> <span class='ocrx_word' id='word_1_665' title='bbox 644 5154 763 5207; x_wconf 85' lang='grc' dir='ltr'>κατ’</span> <span class='ocrx_word' id='word_1_666' title='bbox 800 5155 1054 5227; x_wconf 70' lang='grc' dir='ltr'>αἴσθησιν</span> <span class='ocrx_word' id='word_1_667' title='bbox 1088 5157 1323 5226; x_wconf 85' lang='grc' dir='ltr'>σχέσεως</span> <span class='ocrx_word' id='word_1_668' title='bbox 1363 5159 1683 5225; x_wconf 79' lang='grc' dir='ltr'>ἐξιστῶσαν.</span> 
     </span>
    </p>
   </div>
   <div class='ocr_carea' id='block_1_96' title="bbox 299 5242 1807 5329">
    <p class='ocr_par' dir='ltr' id='par_1_96' title="bbox 299 5242 1807 5329">
     <span class='ocr_line' id='line_1_96' title="bbox 299 5242 1807 5329; baseline 0.01 -34"><span class='ocrx_word' id='word_1_669' title='bbox 299 5242 403 5314; x_wconf 85' lang='grc' dir='ltr'>λη’.</span> <span class='ocrx_word' id='word_1_670' title='bbox 443 5244 570 5307; x_wconf 86' lang='grc' dir='ltr'><strong>Τοίς</strong></span> <span class='ocrx_word' id='word_1_671' title='bbox 602 5245 712 5298; x_wconf 89' lang='grc' dir='ltr'><strong>τῶν</strong></span> <span class='ocrx_word' id='word_1_672' title='bbox 747 5246 1025 5317; x_wconf 84' lang='grc' dir='ltr'>αἰσθητῶν</span> <span class='ocrx_word' id='word_1_673' title='bbox 1065 5250 1338 5320; x_wconf 79' lang='grc' dir='ltr'>νοήμασιν</span> <span class='ocrx_word' id='word_1_674' title='bbox 1373 5253 1530 5306; x_wconf 80' lang='grc' dir='ltr'>εῐωθε</span> <span class='ocrx_word' id='word_1_675' title='bbox 1569 5256 1807 5329; x_wconf 88' lang='grc' dir='ltr'>κακούρ-</span> 
     </span>
    </p>
   </div>
   <div class='ocr_carea' id='block_1_97' title="bbox 222 5334 1809 5422">
    <p class='ocr_par' dir='ltr' id='par_1_97' title="bbox 222 5334 1809 5422">
     <span class='ocr_line' id='line_1_97' title="bbox 222 5334 1809 5422; baseline 0.011 -39"><span class='ocrx_word' id='word_1_676' title='bbox 222 5347 343 5400; x_wconf 81' lang='grc' dir='ltr'><strong>γως</strong></span> <span class='ocrx_word' id='word_1_677' title='bbox 378 5334 408 5386; x_wconf 82' lang='grc' dir='ltr'><strong>ὁ</strong></span> <span class='ocrx_word' id='word_1_678' title='bbox 455 5334 689 5405; x_wconf 84' lang='grc' dir='ltr'>πονηρὸς</span> <span class='ocrx_word' id='word_1_679' title='bbox 722 5336 1051 5422; x_wconf 72' lang='grc' dir='ltr'>συμϐάλλειν</span> <span class='ocrx_word' id='word_1_680' title='bbox 1099 5339 1169 5391; x_wconf 81' lang='grc' dir='ltr'><strong>τά</strong></span> <span class='ocrx_word' id='word_1_681' title='bbox 1213 5340 1323 5393; x_wconf 88' lang='grc' dir='ltr'><strong>τῶν</strong></span> <span class='ocrx_word' id='word_1_682' title='bbox 1371 5343 1649 5414; x_wconf 86' lang='grc' dir='ltr'>αἰσθητῶν</span> <span class='ocrx_word' id='word_1_683' title='bbox 1692 5349 1809 5422; x_wconf 81' lang='grc' dir='ltr'>είδη</span> 
     </span>
    </p>
   </div>
   <div class='ocr_carea' id='block_1_98' title="bbox 222 5420 1809 5507">
    <p class='ocr_par' dir='ltr' id='par_1_98' title="bbox 222 5420 1809 5507">
     <span class='ocr_line' id='line_1_98' title="bbox 222 5420 1809 5507; baseline 0.01 -29"><span class='ocrx_word' id='word_1_684' title='bbox 222 5424 326 5478; x_wconf 73' lang='grc' dir='ltr'><strong>καὶ</strong></span> <span class='ocrx_word' id='word_1_685' title='bbox 355 5428 632 5496; x_wconf 81' lang='grc' dir='ltr'>σχήματα,</span> <span class='ocrx_word' id='word_1_686' title='bbox 659 5427 727 5480; x_wconf 83' lang='grc' dir='ltr'>δι’</span> <span class='ocrx_word' id='word_1_687' title='bbox 753 5420 830 5491; x_wconf 76' lang='grc' dir='ltr'>ὧν</span> <span class='ocrx_word' id='word_1_688' title='bbox 860 5428 1069 5498; x_wconf 84' lang='grc' dir='ltr'>πέφυκε</span> <span class='ocrx_word' id='word_1_689' title='bbox 1095 5430 1165 5483; x_wconf 80' lang='grc' dir='ltr'><strong>τά</strong></span> <span class='ocrx_word' id='word_1_690' title='bbox 1195 5432 1341 5504; x_wconf 86' lang='grc' dir='ltr'>πάθη</span> <span class='ocrx_word' id='word_1_691' title='bbox 1357 5420 1809 5507; x_wconf 80' lang='grc' dir='ltr'>δημιουργεῖσθαι</span> 
     </span>
    </p>
   </div>
   <div class='ocr_carea' id='block_1_99' title="bbox 228 5515 1812 5599">
    <p class='ocr_par' dir='ltr' id='par_1_99' title="bbox 228 5515 1812 5599">
     <span class='ocr_line' id='line_1_99' title="bbox 228 5515 1812 5599; baseline 0.011 -29"><span class='ocrx_word' id='word_1_692' title='bbox 228 5515 363 5586; x_wconf 76' lang='grc' dir='ltr'>περὶ</span> <span class='ocrx_word' id='word_1_693' title='bbox 387 5517 485 5581; x_wconf 77' lang='grc' dir='ltr'>τὰς</span> <span class='ocrx_word' id='word_1_694' title='bbox 518 5518 843 5590; x_wconf 69' lang='grc' dir='ltr'>ἐπιφανείας</span> <span class='ocrx_word' id='word_1_695' title='bbox 875 5520 984 5574; x_wconf 89' lang='grc' dir='ltr'><strong>τῶν</strong></span> <span class='ocrx_word' id='word_1_696' title='bbox 1013 5522 1245 5592; x_wconf 82' lang='grc' dir='ltr'>ὁρατῶν,</span> <span class='ocrx_word' id='word_1_697' title='bbox 1283 5526 1473 5580; x_wconf 86' lang='grc' dir='ltr'>στάσιν</span> <span class='ocrx_word' id='word_1_698' title='bbox 1508 5528 1812 5599; x_wconf 80' lang='grc' dir='ltr'>λαμϐανού-</span> 
     </span>
    </p>
   </div>
   <div class='ocr_carea' id='block_1_100' title="bbox 227 5608 1813 5704">
    <p class='ocr_par' dir='ltr' id='par_1_100' title="bbox 227 5608 1813 5704">
     <span class='ocr_line' id='line_1_100' title="bbox 227 5608 1813 5704; baseline 0.013 -44"><span class='ocrx_word' id='word_1_699' title='bbox 227 5625 334 5679; x_wconf 83' lang='grc' dir='ltr'><strong>σης</strong></span> <span class='ocrx_word' id='word_1_700' title='bbox 361 5608 437 5680; x_wconf 78' lang='lat' dir='ltr'><strong>(e)</strong></span> <span class='ocrx_word' id='word_1_701' title='bbox 470 5608 560 5664; x_wconf 83' lang='grc' dir='ltr'><strong>διά</strong></span> <span class='ocrx_word' id='word_1_702' title='bbox 590 5610 688 5681; x_wconf 88' lang='grc' dir='ltr'><strong>τῆς</strong></span> <span class='ocrx_word' id='word_1_703' title='bbox 718 5611 890 5682; x_wconf 83' lang='grc' dir='ltr'>μέσης</span> <span class='ocrx_word' id='word_1_704' title='bbox 924 5614 1229 5704; x_wconf 69' lang='grc' dir='ltr'>αἰσθησεως</span> <span class='ocrx_word' id='word_1_705' title='bbox 1267 5616 1366 5685; x_wconf 85' lang='grc' dir='ltr'><strong>τῆς</strong></span> <span class='ocrx_word' id='word_1_706' title='bbox 1401 5619 1526 5689; x_wconf 80' lang='grc' dir='ltr'>περὶ</span> <span class='ocrx_word' id='word_1_707' title='bbox 1552 5620 1618 5675; x_wconf 85' lang='grc' dir='ltr'><strong>τὰ</strong></span> <span class='ocrx_word' id='word_1_708' title='bbox 1644 5626 1813 5695; x_wconf 73' lang='grc' dir='ltr'>νοητά</span> 
     </span>
    </p>
   </div>
   <div class='ocr_carea' id='block_1_101' title="bbox 1907 4622 3494 4693">
    <p class='ocr_par' dir='ltr' id='par_1_101' title="bbox 1907 4622 3494 4693">
     <span class='ocr_line' id='line_1_101' title="bbox 1907 4622 3494 4693; baseline 0 -18"><span class='ocrx_word' id='word_1_709' title='bbox 1907 4622 2241 4691; x_wconf 89' lang='lat' dir='ltr'><strong>persuadere</strong></span> <span class='ocrx_word' id='word_1_710' title='bbox 2276 4624 2475 4692; x_wconf 89' lang='lat' dir='ltr'><strong>possit,</strong></span> <span class='ocrx_word' id='word_1_711' title='bbox 2507 4624 2710 4678; x_wconf 90' lang='lat' dir='ltr'><strong>bonum</strong></span> <span class='ocrx_word' id='word_1_712' title='bbox 2746 4635 2939 4677; x_wconf 88' lang='lat' dir='ltr'><strong>natura</strong></span> <span class='ocrx_word' id='word_1_713' title='bbox 2975 4639 3117 4687; x_wconf 88' lang='lat' dir='ltr'><strong>esse,</strong></span> <span class='ocrx_word' id='word_1_714' title='bbox 3141 4622 3287 4693; x_wconf 88' lang='lat' dir='ltr'><strong>qttod</strong></span> <span class='ocrx_word' id='word_1_715' title='bbox 3325 4623 3494 4693; x_wconf 84' lang='lat' dir='ltr'><strong>pessi-</strong></span> 
     </span>
    </p>
   </div>
   <div class='ocr_carea' id='block_1_102' title="bbox 1910 4723 2195 4770">
    <p class='ocr_par' dir='ltr' id='par_1_102' title="bbox 1910 4723 2195 4770">
     <span class='ocr_line' id='line_1_102' title="bbox 1910 4723 2195 4770; baseline -0.004 0"><span class='ocrx_word' id='word_1_716' title='bbox 1910 4730 2060 4770; x_wconf 92' lang='lat' dir='ltr'><strong>mum</strong></span> <span class='ocrx_word' id='word_1_717' title='bbox 2092 4723 2195 4769; x_wconf 90' lang='lat' dir='ltr'><strong>est.</strong></span> 
     </span>
    </p>
   </div>
   <div class='ocr_carea' id='block_1_103' title="bbox 1982 4806 3491 4878">
    <p class='ocr_par' dir='ltr' id='par_1_103' title="bbox 1982 4806 3491 4878">
     <span class='ocr_line' id='line_1_103' title="bbox 1982 4806 3491 4878; baseline 0.001 -21"><span class='ocrx_word' id='word_1_718' title='bbox 1982 4806 2071 4860; x_wconf 76' lang='lat'><strong>57.</strong></span> <span class='ocrx_word' id='word_1_719' title='bbox 2126 4806 2299 4871; x_wconf 76' lang='lat' dir='ltr'><strong>Vitis,</strong></span> <span class='ocrx_word' id='word_1_720' title='bbox 2350 4807 2537 4861; x_wconf 88' lang='lat' dir='ltr'><strong>vinum</strong></span> <span class='ocrx_word' id='word_1_721' title='bbox 2604 4809 2780 4878; x_wconf 89' lang='lat' dir='ltr'><strong>parit;</strong></span> <span class='ocrx_word' id='word_1_722' title='bbox 2849 4810 3076 4875; x_wconf 85' lang='lat' dir='ltr'><strong>vinum,</strong></span> <span class='ocrx_word' id='word_1_723' title='bbox 3130 4808 3491 4871; x_wconf 87' lang='lat' dir='ltr'><strong>ebrietatem;</strong></span> 
     </span>
    </p>
   </div>
   <div class='ocr_carea' id='block_1_104' title="bbox 1912 4892 3495 4965">
    <p class='ocr_par' dir='ltr' id='par_1_104' title="bbox 1912 4892 3495 4965">
     <span class='ocr_line' id='line_1_104' title="bbox 1912 4892 3495 4965; baseline 0 -17"><span class='ocrx_word' id='word_1_724' title='bbox 1912 4892 2072 4963; x_wconf 68' lang='grc'><strong>542</strong></span> <span class='ocrx_word' id='word_1_725' title='bbox 2128 4896 2397 4957; x_wconf 88' lang='lat' dir='ltr'><strong>ebrietas,</strong></span> <span class='ocrx_word' id='word_1_726' title='bbox 2445 4899 2647 4952; x_wconf 88' lang='lat' dir='ltr'><strong>mentis</strong></span> <span class='ocrx_word' id='word_1_727' title='bbox 2700 4914 3008 4954; x_wconf 83' lang='lat' dir='ltr'><strong>excessum.</strong></span> <span class='ocrx_word' id='word_1_728' title='bbox 3058 4896 3256 4952; x_wconf 78' lang='lat' dir='ltr'><strong>Eﬂleax</strong></span> <span class='ocrx_word' id='word_1_729' title='bbox 3312 4897 3495 4965; x_wconf 79' lang='lat' dir='ltr'><strong>itaque</strong></span> 
     </span>
    </p>
   </div>
   <div class='ocr_carea' id='block_1_105' title="bbox 1914 4985 3496 5059">
    <p class='ocr_par' dir='ltr' id='par_1_105' title="bbox 1914 4985 3496 5059">
     <span class='ocr_line' id='line_1_105' title="bbox 1914 4985 3496 5059; baseline 0.002 -21"><span class='ocrx_word' id='word_1_730' title='bbox 1914 4985 2055 5039; x_wconf 84' lang='lat' dir='ltr'><strong>ratio</strong></span> <span class='ocrx_word' id='word_1_731' title='bbox 2104 4985 2300 5056; x_wconf 91' lang='lat' dir='ltr'><strong>(quam</strong></span> <span class='ocrx_word' id='word_1_732' title='bbox 2351 4988 2453 5041; x_wconf 91' lang='lat' dir='ltr'><strong>rite</strong></span> <span class='ocrx_word' id='word_1_733' title='bbox 2498 4988 2665 5043; x_wconf 88' lang='lat' dir='ltr'><strong>vitem</strong></span> <span class='ocrx_word' id='word_1_734' title='bbox 2708 4988 3147 5059; x_wconf 83' lang='lat' dir='ltr'><strong>nuncupaveris)</strong></span> <span class='ocrx_word' id='word_1_735' title='bbox 3194 4987 3496 5043; x_wconf 87' lang='lat' dir='ltr'><strong>virtutibus</strong></span> 
     </span>
    </p>
   </div>
   <div class='ocr_carea' id='block_1_106' title="bbox 1913 5077 3497 5151">
    <p class='ocr_par' dir='ltr' id='par_1_106' title="bbox 1913 5077 3497 5151">
     <span class='ocr_line' id='line_1_106' title="bbox 1913 5077 3497 5151; baseline 0 -20"><span class='ocrx_word' id='word_1_736' title='bbox 1913 5077 2152 5141; x_wconf 81' lang='lat' dir='ltr'><strong>exculta,</strong></span> <span class='ocrx_word' id='word_1_737' title='bbox 2175 5077 2462 5132; x_wconf 89' lang='lat' dir='ltr'><strong>scientiam</strong></span> <span class='ocrx_word' id='word_1_738' title='bbox 2487 5080 2791 5151; x_wconf 78' lang='lat' dir='ltr'><strong>progignit;</strong></span> <span class='ocrx_word' id='word_1_739' title='bbox 2814 5080 3065 5143; x_wconf 86' lang='lat' dir='ltr'><strong>scientia,</strong></span> <span class='ocrx_word' id='word_1_740' title='bbox 3085 5080 3290 5134; x_wconf 88' lang='lat' dir='ltr'><strong>bonum</strong></span> <span class='ocrx_word' id='word_1_741' title='bbox 3308 5094 3497 5133; x_wconf 81' lang='lat' dir='ltr'><strong>exces-</strong></span> 
     </span>
    </p>
   </div>
   <div class='ocr_carea' id='block_1_107' title="bbox 1922 5169 3493 5242">
    <p class='ocr_par' dir='ltr' id='par_1_107' title="bbox 1922 5169 3493 5242">
     <span class='ocr_line' id='line_1_107' title="bbox 1922 5169 3493 5242; baseline -0.001 -18"><span class='ocrx_word' id='word_1_742' title='bbox 1922 5183 2066 5233; x_wconf 91' lang='lat' dir='ltr'><strong>sum,</strong></span> <span class='ocrx_word' id='word_1_743' title='bbox 2087 5185 2197 5238; x_wconf 92' lang='lat' dir='ltr'><strong>quo</strong></span> <span class='ocrx_word' id='word_1_744' title='bbox 2214 5186 2415 5224; x_wconf 91' lang='lat' dir='ltr'><strong>mensa</strong></span> <span class='ocrx_word' id='word_1_745' title='bbox 2431 5172 2635 5225; x_wconf 84' lang='lat' dir='ltr'><strong>carnali</strong></span> <span class='ocrx_word' id='word_1_746' title='bbox 2666 5187 2971 5242; x_wconf 89' lang='lat' dir='ltr'><strong>sensusque</strong></span> <span class='ocrx_word' id='word_1_747' title='bbox 3000 5170 3226 5227; x_wconf 89' lang='lat' dir='ltr'><strong>libidine</strong></span> <span class='ocrx_word' id='word_1_748' title='bbox 3256 5169 3493 5224; x_wconf 74' lang='lat' dir='ltr'><strong>excedit.</strong></span> 
     </span>
    </p>
   </div>
   <div class='ocr_carea' id='block_1_108' title="bbox 1984 5263 3495 5335">
    <p class='ocr_par' dir='ltr' id='par_1_108' title="bbox 1984 5263 3495 5335">
     <span class='ocr_line' id='line_1_108' title="bbox 1984 5263 3495 5335; baseline -0.001 -17"><span class='ocrx_word' id='word_1_749' title='bbox 1984 5263 2073 5318; x_wconf 70' lang='grc'><strong>58.</strong></span> <span class='ocrx_word' id='word_1_750' title='bbox 2102 5264 2303 5318; x_wconf 82' lang='lat' dir='ltr'><strong>Rerum</strong></span> <span class='ocrx_word' id='word_1_751' title='bbox 2330 5263 2383 5317; x_wconf 91' lang='lat' dir='ltr'><strong>in</strong></span> <span class='ocrx_word' id='word_1_752' title='bbox 2412 5278 2634 5317; x_wconf 89' lang='lat' dir='ltr'><strong>sensum</strong></span> <span class='ocrx_word' id='word_1_753' title='bbox 2664 5265 2979 5319; x_wconf 89' lang='lat' dir='ltr'><strong>cadentium</strong></span> <span class='ocrx_word' id='word_1_754' title='bbox 3010 5265 3292 5335; x_wconf 90' lang='lat' dir='ltr'><strong>conceptis</strong></span> <span class='ocrx_word' id='word_1_755' title='bbox 3316 5265 3495 5319; x_wconf 83' lang='lat' dir='ltr'><strong>animo</strong></span> 
     </span>
    </p>
   </div>
   <div class='ocr_carea' id='block_1_109' title="bbox 1916 5351 3500 5423">
    <p class='ocr_par' dir='ltr' id='par_1_109' title="bbox 1916 5351 3500 5423">
     <span class='ocr_line' id='line_1_109' title="bbox 1916 5351 3500 5423; baseline -0.001 -17"><span class='ocrx_word' id='word_1_756' title='bbox 1916 5352 2244 5416; x_wconf 88' lang='lat' dir='ltr'><strong>rationibus,</strong></span> <span class='ocrx_word' id='word_1_757' title='bbox 2270 5352 2587 5407; x_wconf 88' lang='lat' dir='ltr'><strong>earumdem</strong></span> <span class='ocrx_word' id='word_1_758' title='bbox 2624 5351 2828 5408; x_wconf 90' lang='lat' dir='ltr'><strong>formas</strong></span> <span class='ocrx_word' id='word_1_759' title='bbox 2860 5364 3023 5423; x_wconf 89' lang='lat' dir='ltr'><strong>atque</strong></span> <span class='ocrx_word' id='word_1_760' title='bbox 3059 5352 3258 5423; x_wconf 78' lang='lat' dir='ltr'><strong>ﬁguras</strong></span> <span class='ocrx_word' id='word_1_761' title='bbox 3291 5361 3353 5407; x_wconf 92' lang='lat' dir='ltr'><strong>ut</strong></span> <span class='ocrx_word' id='word_1_762' title='bbox 3377 5369 3500 5406; x_wconf 87' lang='lat' dir='ltr'><strong>ver-</strong></span> 
     </span>
    </p>
   </div>
   <div class='ocr_carea' id='block_1_110' title="bbox 1917 5445 3499 5516">
    <p class='ocr_par' dir='ltr' id='par_1_110' title="bbox 1917 5445 3499 5516">
     <span class='ocr_line' id='line_1_110' title="bbox 1917 5445 3499 5516; baseline -0.001 -17"><span class='ocrx_word' id='word_1_763' title='bbox 1917 5453 2038 5499; x_wconf 89' lang='lat' dir='ltr'><strong>sute</strong></span> <span class='ocrx_word' id='word_1_764' title='bbox 2068 5453 2345 5509; x_wconf 84' lang='lat' dir='ltr'><strong>conserat,</strong></span> <span class='ocrx_word' id='word_1_765' title='bbox 2370 5460 2437 5499; x_wconf 83' lang='lat' dir='ltr'><strong>ex</strong></span> <span class='ocrx_word' id='word_1_766' title='bbox 2462 5446 2785 5514; x_wconf 91' lang='lat' dir='ltr'><strong>nequissimi</strong></span> <span class='ocrx_word' id='word_1_767' title='bbox 2815 5446 2978 5516; x_wconf 79' lang='lat' dir='ltr'><strong>genio</strong></span> <span class='ocrx_word' id='word_1_768' title='bbox 3002 5453 3117 5511; x_wconf 89' lang='lat' dir='ltr'><strong>est;</strong></span> <span class='ocrx_word' id='word_1_769' title='bbox 3145 5445 3348 5515; x_wconf 88' lang='lat' dir='ltr'><strong>quibus</strong></span> <span class='ocrx_word' id='word_1_770' title='bbox 3373 5460 3499 5513; x_wconf 90' lang='lat' dir='ltr'><strong>pro-</strong></span> 
     </span>
    </p>
   </div>
   <div class='ocr_carea' id='block_1_111' title="bbox 1917 5536 3501 5606">
    <p class='ocr_par' dir='ltr' id='par_1_111' title="bbox 1917 5536 3501 5606">
     <span class='ocr_line' id='line_1_111' title="bbox 1917 5536 3501 5606; baseline 0.001 -17"><span class='ocrx_word' id='word_1_771' title='bbox 1917 5536 2058 5590; x_wconf 88' lang='lat' dir='ltr'><strong>clive</strong></span> <span class='ocrx_word' id='word_1_772' title='bbox 2098 5536 2248 5591; x_wconf 82' lang='lat' dir='ltr'><strong>circa</strong></span> <span class='ocrx_word' id='word_1_773' title='bbox 2284 5551 2475 5591; x_wconf 90' lang='lat' dir='ltr'><strong>earum</strong></span> <span class='ocrx_word' id='word_1_774' title='bbox 2516 5552 2704 5591; x_wconf 87' lang='lat' dir='ltr'><strong>rerum</strong></span> <span class='ocrx_word' id='word_1_775' title='bbox 2744 5546 3121 5606; x_wconf 88' lang='lat' dir='ltr'><strong>conspectum,</strong></span> <span class='ocrx_word' id='word_1_776' title='bbox 3154 5552 3292 5606; x_wconf 88' lang='lat' dir='ltr'><strong>quas</strong></span> <span class='ocrx_word' id='word_1_777' title='bbox 3325 5536 3501 5590; x_wconf 89' lang='lat' dir='ltr'><strong>oculis</strong></span> 
     </span>
    </p>
   </div>
   <div class='ocr_carea' id='block_1_112' title="bbox 1916 5627 3506 5699">
    <p class='ocr_par' dir='ltr' id='par_1_112' title="bbox 1916 5627 3506 5699">
     <span class='ocr_line' id='line_1_112' title="bbox 1916 5627 3506 5699; baseline -0.001 -16"><span class='ocrx_word' id='word_1_778' title='bbox 1916 5644 2270 5699; x_wconf 88' lang='lat' dir='ltr'><strong>usurpamus,</strong></span> <span class='ocrx_word' id='word_1_779' title='bbox 2293 5628 2523 5683; x_wconf 73' lang='lat' dir='ltr'><strong>allectus</strong></span> <span class='ocrx_word' id='word_1_780' title='bbox 2548 5639 2911 5699; x_wconf 89' lang='lat' dir='ltr'><strong>procreantur</strong></span> <span class='ocrx_word' id='word_1_781' title='bbox 2931 5644 2996 5683; x_wconf 89' lang='lat' dir='ltr'><strong>ac</strong></span> <span class='ocrx_word' id='word_1_782' title='bbox 3019 5628 3279 5683; x_wconf 82' lang='lat' dir='ltr'><strong>libidines</strong></span> <span class='ocrx_word' id='word_1_783' title='bbox 3300 5643 3316 5692; x_wconf 91' lang='lat'><strong>;</strong></span> <span class='ocrx_word' id='word_1_784' title='bbox 3336 5627 3506 5684; x_wconf 85' lang='lat' dir='ltr'><strong>ratio-</strong></span> 
     </span>
    </p>
   </div>
   <div class='ocr_carea' id='block_1_113' title="bbox 319 5788 1797 5877">
    <p class='ocr_par' dir='ltr' id='par_1_113' title="bbox 319 5788 1797 5871">
     <span class='ocr_line' id='line_1_113' title="bbox 319 5788 1797 5871; baseline 0.012 -29"><span class='ocrx_word' id='word_1_785' title='bbox 319 5788 380 5866; x_wconf 81' lang='lat' dir='ltr'><strong>[e)</strong></span> <span class='ocrx_word' id='word_1_786' title='bbox 418 5789 644 5845; x_wconf 81' lang='grc' dir='ltr'>Στάσιν</span> <span class='ocrx_word' id='word_1_787' title='bbox 692 5793 1117 5866; x_wconf 71' lang='grc' dir='ltr'>,λαμϐανούσης</span> <span class='ocrx_word' id='word_1_788' title='bbox 1148 5812 1161 5827; x_wconf 82' lang='grc'><em>’</em></span> <span class='ocrx_word' id='word_1_789' title='bbox 1213 5798 1674 5871; x_wconf 73' lang='lat' dir='ltr'><strong>lnterqniescente,</strong></span> <span class='ocrx_word' id='word_1_790' title='bbox 1744 5822 1797 5859; x_wconf 79' lang='lat' dir='ltr'><strong>sc</strong></span> 
     </span>
    </p>
   </div>
   <div class='ocr_carea' id='block_1_114' title="bbox 1897 5788 3499 5877">
    <p class='ocr_par' dir='ltr' id='par_1_114' title="bbox 1897 5804 3499 5877">
     <span class='ocr_line' id='line_1_114' title="bbox 1897 5804 3499 5877; baseline -0.004 -15"><span class='ocrx_word' id='word_1_791' title='bbox 1897 5818 2143 5871; x_wconf 73' lang='lat' dir='ltr'><strong>&#39;essante;</strong></span> <span class='ocrx_word' id='word_1_792' title='bbox 2204 5824 2271 5865; x_wconf 87' lang='lat' dir='ltr'><strong>ne</strong></span> <span class='ocrx_word' id='word_1_793' title='bbox 2327 5823 2496 5864; x_wconf 82' lang='lat' dir='ltr'><strong>sensu</strong></span> <span class='ocrx_word' id='word_1_794' title='bbox 2547 5806 2729 5863; x_wconf 90' lang='lat' dir='ltr'><strong>medio</strong></span> <span class='ocrx_word' id='word_1_795' title='bbox 2772 5806 2838 5861; x_wconf 87' lang='lat' dir='ltr'><strong>ad</strong></span> <span class='ocrx_word' id='word_1_796' title='bbox 2888 5804 3159 5877; x_wconf 75' lang='lat' dir='ltr'><strong>Spiritalia</strong></span> <span class='ocrx_word' id='word_1_797' title='bbox 3216 5810 3499 5868; x_wconf 84' lang='lat' dir='ltr'><strong>transeat;</strong></span> 
     </span>
    </p>
   </div>
  </div>
