4192 6436
739 379 756 438 Ξ
771 380 875 442 33E-

1900 381 1960 444 Ξ.
2001 386 2289 446 ΜΑΧΙΜΙ
2326 386 2832 460 CONFESSORIS

3863 405 4001 469 1236

752 492 842 544 ιε·ιὶ
880 491 1144 548 nimirum
1180 493 1237 550 in
1274 495 1437 550 nobis
1468 493 1728 551 facultate
1756 506 1913 552 motu
1950 498 2216 564 inhibita,
2241 515 2310 555 ne

2433 504 2737 570 ἰιασάσεως,
2776 509 2879 579 τῆς
2912 511 2970 562 ἐν
2999 513 3134 582 ἡμῖν
3165 513 3390 584 λογικῆς
3434 516 3734 586 ἐνεργείας.
3780 521 3873 570 Atr)
3905 521 4002 570 καὶ

731 581 1064 640 intermedio
1097 600 1260 639 sensu
1293 585 1361 640 ad
1396 585 1662 656 spiritalia
1700 595 1970 653 transeat,
2002 600 2059 644 et
2089 606 2153 645 ea
2189 607 2311 666 quae

2414 596 2702 666 κατισχύει
2742 600 2962 670 πορθεῖν
2996 602 3094 673 τὴν
3132 602 3331 674 ψυχὴν,
3360 607 3454 659 καὶ
3497 608 3576 670 εἰς
3609 605 3715 676 τὴν
3749 608 3861 662 τῶν

732 673 849 726 sala
879 685 1059 728 mente
1090 674 1496 744 intelliguntur.
1525 675 1774 746 Hincque
1809 678 1946 732 adeo
1974 687 2057 732 est
2087 689 2148 734 ut
2177 697 2313 749 pra:-

2433 688 2522 742 ιῶν
2556 690 2816 759 σύγχυσιν
2847 692 3198 764 κατασύρειν.

730 765 906 825 valeat
955 765 1021 820 ad
1069 766 1440 835 diripiendum
1482 769 1754 829 animum,
1795 777 1851 822 et
1900 770 1966 823 ad
2016 770 2308 826 libidinum

733 857 1107 926 vitiorumque
1137 858 1518 914 confusionem
1547 859 1968 916 detrahendum.

804 947 891 1001 '39.
928 947 1025 1000 Dei
1064 947 1336 1012 Verbum,
1373 950 1535 1003 simul
1580 958 1635 1004 et
1680 952 1848 1005 semel
1891 961 1947 1006 et
1989 952 2214 1008 lucerna
2257 961 2311 1008 et

733 1038 918 1092 lumen
973 1050 1057 1094 est
1089 1042 1157 1106 ⁸³,
1204 1051 1316 1095 tum
1366 1057 1473 1110 qua
1521 1041 1761 1096 fidelium
1814 1044 2092 1098 naturales
2143 1045 2311 1098 animi

739 1231 936 1290 praeter
979 1235 1252 1278 naturam.
1291 1224 1360 1279 Ut
1404 1226 1532 1279 item
1579 1226 1702 1280 vita:
1746 1242 1813 1280 ex
1857 1243 2055 1282 sensus
2104 1229 2314 1283 ratione

739 1311 1002 1368 instituta:
1044 1315 1333 1384 caliginem
1373 1315 1440 1369 iis
1480 1317 1725 1380 solvens,
1763 1317 1859 1385 qui
1906 1319 2163 1374 mandata
2209 1318 2312 1373 im—

2487 976 2586 1028 λον.
2628 976 2833 1045 Λύχνος
2877 978 3011 1042 ἐστὶ,
3052 978 3193 1033 κατὰ
3237 979 3435 1032 ταυτὸν
3467 981 3600 1050 ὁμοῦ
3641 982 3738 1034 καὶ
3780 983 3922 1050 φῶς,
3975 985 4004 1035 ὁ

823 1067 918 1092 IICII
973 1067 1057 1094 Chl.
1090 1067 1157 1106 ",
1205 1067 1316 1095 ιιιιιι
1366 1067 1473 1110 qua
1521 1067 1761 1096 IIUUIIUIH
1814 1067 2092 1098 naturales
2143 1067 2311 1098 anum
2413 1067 2507 1120 τοῦ
2555 1068 2690 1119 Θεοῦ
2738 1068 2915 1136 λόγος.
2950 1071 3043 1122 καὶ
3198 1072 3448 1140 φωτίζων
3494 1073 3624 1136 τοὺς
3655 1078 3801 1127 κατὰ
3838 1074 4004 1142 φῦσιν

734 1133 978 1186 rationes
1003 1133 1335 1194 illuminans,
1361 1142 1476 1186 tum
1502 1149 1609 1202 qua
1636 1149 1728 1188 eas
1753 1134 2013 1198 adurens,
2038 1151 2160 1205 qua:
2185 1146 2315 1191 sunt

2433 1161 2705 1229 ιογισμοὺς
2751 1161 2859 1213 τῶν

2905 1161 3132 1223 πιστῶν,
3181 1163 3273 1215 καὶ
3319 1163 3395 1227 ὡς
3448 1165 3621 1218 καίων
3668 1166 3798 1223 τοὺς
3845 1165 4004 1234 παρά

2416 1254 2614 1322 φύσιν
2656 1254 2752 1306 καὶ
2783 1253 2858 1318 ὡς
2899 1254 3044 1308 λύων
3074 1255 3166 1307 τὸν
3213 1256 3377 1326 ζόφον
3418 1258 3517 1327 τῆς
3565 1260 3688 1311 κατ’
3745 1258 4002 1328 αἴσθησιν

2415 1345 2583 1415 ζωῆς,
2634 1348 2743 1410 τοῖς
2787 1346 2876 1399 διὰ
2920 1347 3028 1399 τῶν
3063 1346 3290 1402 ἐντολῶν
3329 1350 3467 1420 πρὸς
3495 1351 3592 1422 τὴν
3634 1351 4002 1419 augeam»

740 1401 940 1470 plendo
961 1444 975 1468 ,
1009 1404 1076 1458 ad
1110 1405 1276 1458 vitam
1317 1407 1656 1460 contendunt
1691 1406 1746 1459 in
1780 1421 1875 1475 spe
1911 1408 2070 1462 nobis
2104 1410 2314 1479 reposi-

2433 1401 2442 1409 '
2516 1401 2582 1415 "'
2723 1401 2739 1410 '
3274 1401 3277 1402 '
3374 1401 3384 1420 I
3448 1401 3464 1413 τ
3509 1401 3562 1422 "0
3638 1401 3689 1404 "
3745 1401 3995 1419 'i‘r""'

2433 1440 2789 1508 ιπειγομένοις
2823 1439 2989 1510 ζωὴν,
3022 1439 3115 1492 καὶ
3145 1441 3221 1504 ὡς
3271 1441 3516 1505 κολάζων
3558 1445 3624 1513 τῇ
3672 1441 3871 1495 καύσει
3903 1443 4002 1510 τῆς,

742 1501 882 1559 tam;
919 1510 982 1548 ac
1014 1495 1250 1564 denique
1284 1505 1343 1548 ut
1373 1495 1564 1565 judicii
1600 1495 1798 1550 ardore
1831 1513 1895 1552 ac
1931 1497 2190 1553 inccndio
2220 1514 2318 1554 eos

742 1586 1003 1653 puniens.
1038 1601 1178 1655 quos
1213 1587 1517 1641 tenebrosa:
1550 1587 1714 1656 hujus
1747 1591 1873 1643 Viue
1906 1607 2007 1645 nos
2037 1608 2104 1645 ex
2137 1592 2318 1647 carnis

740 1678 994 1741 libidine,
1019 1679 1203 1732 animo
1227 1678 1514 1733 devinctos
1543 1679 1900 1750 addictosque
1935 1689 2104 1736 tenet.

809 1771 898 1824 40.
930 1768 1050 1822 Nisi
1081 1769 1208 1838 quis
1241 1769 1396 1838 prius
1429 1769 1497 1822 ad
1534 1769 1774 1838 seipsum
1811 1773 2128 1836 emerserit,
2163 1773 2322 1827 inna-

740 1862 1012 1915 turalibus
1042 1861 1462 1931 longeabjectis
1495 1861 1814 1920 affectibus.
1851 1872 1908 1916 ut
1939 1862 2005 1916 ad
2037 1871 2316 1918 auctorem
2353 1848 2391 1902 Β

741 1969 902 2010 suum
949 1970 1012 2009 ac
1053 1970 1273 2008 causam
1316 1956 1516 2023 (Deum
1557 1955 1800 2024 scilicet)
1849 1959 2135 2020 ascendat,
2176 1975 2321 2013 nun-

740 2061 904 2115 quam
941 2044 1064 2111 ﬁat;
1098 2062 1160 2100 ea
1195 2063 1293 2114 per
1324 2047 1553 2115 gratiam
1591 2048 1960 2116 comparando
1996 2035 2170 2114 bona,
2201 2065 2323 2119 quae

742 2145 950 2190 natura:
977 2137 1086 2190 vim
1115 2153 1336 2191 onmem
1362 2147 1644 2207 superant.
1668 2139 1864 2192 Animo
1886 2140 2034 2194 enim
2061 2156 2089 2194 a
2120 2142 2322 2197 creatis

741 2233 964 2302 abjungi
995 2247 1221 2286 necesse
1254 2241 1370 2295 est,
1401 2232 1494 2302 qui
1534 2233 1587 2285 in
1621 2233 1791 2286 Deum
1821 2249 1949 2288 vere
1984 2234 2325 2306 colligendus

741 2325 834 2378 sit.

811 2416 901 2470 41.
929 2416 1089 2485 Legis
1122 2416 1338 2485 scriptae
1367 2429 1507 2484 opus
1535 2424 1640 2481 est,
1666 2415 1956 2471 affectibus
1986 2426 2148 2486 atque
2177 2417 2326 2475 vitiis

745 2508 970 2562 liberari
1004 2525 1016 2560 :
1054 2507 1320 2561 naturalis
1349 2521 1480 2560 vero
1507 2506 1664 2576 legis,
1693 2522 1846 2575 aequa
1873 2507 2108 2576 quadam
2135 2507 2324 2562 distri-

745 2599 973 2654 butione
999 2613 1163 2670 pares
1186 2599 1399 2652 cunctis
1423 2597 1650 2652 honoris
1673 2606 1856 2667 partes
1880 2598 2143 2652 tribuere.
2165 2599 2328 2670 Legis

745 2690 984 2759 denique
1011 2689 1274 2758 spiritalis
1298 2687 1582 2757 perfectio,
1607 2695 1810 2756 quanta
1834 2688 2043 2743 homini
2067 2704 2327 2746 concessa

749 2791 854 2847 est,
881 2791 1135 2836 accurata
1162 2796 1288 2836 cum
1317 2781 1430 2834 Deo
1459 2780 1783 2834 similitudo.

814 2874 903 2929 42.
931 2873 1236 2942 Corporum
1268 2886 1566 2940 rerumque
1593 2870 2041 2940 incorporearum
2074 2871 2191 2943 (seu
2219 2871 2331 2942 spi-

747 2963 977 3030 rituum)
1005 2962 1252 3018 scientiaa
1275 2976 1449 3031 capax
1477 2969 1672 3016 natura
1700 2971 1804 3027 est,
1833 2962 2034 3016 mentis
2054 2961 2284 3016 facultas
2313 2980 2325 3015 :

749 3065 952 3111 sancta:
990 3065 1175 3108 autem
1211 3052 1496 3108 Trinitatis
1539 3052 1657 3106 solo
1691 3053 1876 3122 gratiae
1916 3052 2085 3107 ductu
2125 3052 2327 3108 indicia

748 3147 896 3217 capit
921 3162 984 3200 ac
1013 3145 1557 3215 repraesentationes;
1588 3144 1736 3213 quod
1767 3145 2109 3199 solummodo
2141 3144 2327 3199 credat
2355 3177 2402 3241 ο

749 3241 897 3294 illam
953 3253 1105 3301 esse,
1158 3252 1266 3290 non
1319 3236 1451 3306 quid
1507 3236 1724 3289 tandem
1783 3251 1880 3304 per
1925 3235 2216 3290 essentiam
2266 3251 2330 3290 ac

747 3339 944 3385 natura
975 3330 1066 3391 sit,
1093 3326 1348 3397 superbia
1378 3326 1696 3394 praesumit,
1729 3335 1788 3380 ut
1817 3341 1970 3380 mens
1995 3326 2200 3380 divina.
2225 3325 2329 3392 Qui

746 3420 896 3473 enim
917 3434 1130 3488 expers
1165 3417 1410 3472 scientia:
1442 3425 1559 3481 est,
1593 3416 1814 3470 virtutis
1847 3416 2073 3470 modum
2107 3417 2329 3471 eluendi

752 3513 1010 3567 titiorum
1043 3509 1264 3573 sordes,
1291 3506 1714 3576 haudquaquam
1742 3508 1916 3561 novit.

819 3604 909 3657 45.
940 3601 1044 3668 Qui
1079 3600 1428 3654 mendacium
1463 3598 1662 3668 diligit,
1692 3599 1767 3652 illi
1799 3597 1868 3652 ad
1903 3599 2184 3653 interitum
2217 3610 2331 3653 tra‘

752 3697 934 3758 ditur;
975 3701 1034 3746 ut
1064 3691 1267 3761 quibus
1297 3690 1454 3744 malis
1487 3689 1646 3760 543
1676 3687 1930 3753 afﬁcitur,
1959 3689 2065 3744 hoc
2093 3691 2328 3756 noverit,

752 3784 899 3854 quod
953 3790 1148 3852 sponte
1198 3780 1404 3846 coluit;
1456 3795 1633 3848 exque
1685 3795 1870 3834 rerum
1921 3781 2040 3850 ipso
2085 3781 2333 3850 periculo

753 3877 948 3940 discat,
972 3889 1072 3944 pro
1094 3873 1228 3937 vita,
1251 3881 1484 3927 mortem
1509 3887 1566 3926 se
1593 3871 1995 3941 imprudentem
2021 3874 2335 3943 complexu-

755 3982 874 4022 rum
905 3981 1048 4022 esse.

821 4059 912 4112 44.
947 4057 1113 4119 Deus,
1143 4055 1274 4109 boni
1309 4053 1572 4107 duntaxat
1602 4054 1890 4109 scientiam
1927 4054 2115 4122 habet,
2147 4065 2208 4110 ut
2238 4056 2333 4126 qui

753 4148 1060 4210 secundum
1091 4145 1411 4207 essentiam,
1435 4144 1564 4198 boni
1596 4153 1708 4198 tum
1737 4153 1935 4200 natura
1965 4154 2080 4200 tum
2104 4147 2332 4202 scientia

752 4248 838 4294 est
869 4258 883 4292 :
915 4236 1043 4291 mali
1073 4243 1258 4290 autem
1290 4234 1457 4287 habet
1486 4234 1877 4303 ignorantiam,
1906 4243 1964 4288 ut
1993 4237 2150 4307 cujus
2183 4237 2331 4293 nulla

752 4331 872 4400 ejus
901 4329 1133 4384 facultas
1161 4333 1455 4395 competat.
1483 4325 1726 4390 Quorum
1755 4325 1905 4380 enim
1935 4336 2130 4381 natura
2160 4327 2332 4384 facul-

757 4431 924 4476 tatem
955 4421 1143 4483 habet,
1169 4429 1362 4474 eorum
1395 4425 1452 4472 et
1476 4418 1706 4473 scientia
1735 4434 1836 4488 per
1861 4419 2156 4474 essentiam
2191 4435 2331 4490 pra:-

755 4513 908 4568 ditus
935 4521 1041 4568 est.

827 4609 917 4664 45.
950 4607 1104 4673 Quod
1144 4607 1199 4660 in
1232 4605 1481 4660 Levitico
1516 4603 1897 4673 pectusculum
1931 4613 2044 4671 est,
2073 4615 2340 4674 praestan-

824 4724 871 4756 ⁸³
904 4724 1043 4778 Psal.
1071 4739 1250 4787 cxvm,
1282 4721 1417 4782 103;
1443 4720 1603 4774 Prov.
1630 4735 1701 4781 vr,
1728 4717 1818 4772 25.

831 4845 846 4862 ⁵
874 4843 956 4900 Cf.
994 4843 1062 4898 ad
1097 4843 1346 4897 Thalass.
1387 4856 1443 4908 q.
1473 4839 1542 4893 45
1574 4846 1629 4892 et
1654 4836 1722 4892 46
1753 4837 1893 4891 infra
1923 4852 2075 4891 num.
2106 4841 2193 4894 47.

759 4979 867 5033 qua
928 4960 1145 5033 scilicet
1189 4955 1512 5033 conspectis
1555 4954 1734 5033 _rebus
1762 4952 2036 5033 _libidine_
2067 4955 2331 5033 adhzeret,

759 5022 862 5088 nec
885 5033 1032 5103 ipsas
1068 5031 1125 5084 in
1153 5028 1235 5103 eis
1257 5022 1438 5097 legere
1467 5024 1729 5085 rationes,
1761 5022 1938 5092 iisque
1972 5023 2038 5076 ad
2069 5026 2334 5094 spiritalia

759 5098 1297 5189 navesnaves;

829 5173 895 5244 (f)
921 5165 1003 5226 ’Ἥ
1030 5170 1137 5224 τοῦ
1186 5167 1608 5244 νοῦ-ξύναμις.
1675 5165 2152 5244 Sic_e||tend.__ex
2201 5180 2331 5244 mss.

759 5235 886 5299 cod:
920 5257 1045 5298 cum
1093 5248 1258 5301 esset,
1306 5237 1372 5289 Ἡ
1409 5236 1500 5289 τοῦ
1537 5237 1702 5306 νόμου
1733 5236 1982 5306 δύναμις.
2023 5235 2148 5289 Haec
2185 5235 2333 5289 enim

762 5313 960 5369 mentis
987 5311 1201 5382 objecta
1233 5317 1388 5382 sunt,
1420 5322 1529 5382 non
1553 5305 1723 5382 legis:
1752 5305 2048 5382 corporum
2074 5306 2334 5374 incorpov

760 5375 1094 5450 reorumque
1121 5380 1139 5448 (
1167 5395 1262 5433 seu
1309 5375 1651 5450 spirituum}
1693 5376 1934 5450 notitia:
1989 5391 2100 5430 non
2154 5386 2333 5450 tamen

760 5455 935 5522 ipsius
960 5445 1268 5512 Trinitatis,
1301 5445 1481 5522 quoad
1504 5445 1654 5522 quod
1679 5445 1815 5514 quid
1836 5454 1929 5522 est
1960 5461 2102 5510 esse,
2143 5447 2334 5522 cogni:

762 5515 859 5580 tio.
882 5523 1062 5580 Unum
1109 5522 1216 5575 hoc
1253 5515 1436 5574 credit
1465 5515 1552 5586 pia
1603 5530 1788 5586 mens,
1836 5517 2009 5584 ipsam
2041 5530 2162 5570 esse
2193 5519 2252 5566 ού
2279 5515 2334 5567 τί

762 5610 891 5646 ποτε
913 5592 1036 5644 κατ’
1067 5591 1254 5642 οὐσίαν
1285 5590 1432 5641 ἐστὶν
1465 5585 1906 5654 αὐθαδιζομὲνην·
1947 5587 2044 5640 sibi
2089 5586 2205 5654 ipsa
2239 5601 2334 5654 per

759 5663 1058 5733 superbiam
1078 5677 1187 5733 non
1211 5674 1491 5733 arrogans,
1519 5653 1735 5733 ut_sciat
1758 5653 1883 5733 quid
1910 5655 2006 5733 illa
2033 5653 2223 5733 sitper
2242 5653 2334 5708 εε-

760 5724 987 5786 sentiam
1015 5750 1032 5793 ;
1061 5731 1136 5792 ὡς
1164 5733 1192 5782 ὁ
1219 5724 1491 5798 δαιμῖόνιος
1521 5724 1873 5798 νούςχῃιιτιεί-
1903 5725 2024 5798 hoc
2073 5725 2327 5798 un_i_p_ro-

765 5805 946 5872 prium
981 5792 1125 5856 dicat
1149 5792 1349 5856 divini
1365 5798 1554 5854 menti.
1575 5792 1877 5852 Nihil’boni
1901 5795 2060 5849 Picus
2091 5815 2101 5847 :
2134 5792 2326 5848 Nulla-

2416 1531 2651 1602 κρίσεως
2684 1532 2809 1595 τοὺς
2838 1532 3047 1602 ταύτης
3085 1532 3183 1601 τῆς
3217 1535 3494 1602 σκοτεινῆς
3529 1533 3622 1586 τοῦ
3663 1532 3776 1603 βίου
3806 1535 4005 1597 vanis;

2417 1624 2557 1677 κατά
2595 1623 2821 1694 γνώμην
2865 1623 2953 1677 διὰ
2986 1623 3170 1692 φιλίαν
3195 1626 3397 1695 σαρκὸς
3428 1623 3848 1695 ἀντεχομένους.

2491 1800 2565 1871 μ’.
2618 1801 2677 1854 ’0
2713 1800 2788 1870 μὴ
2820 1800 2953 1869 πρὸς
2993 1799 3206 1862 ἑαυτὸν,
3239 1801 3392 1870 φησὶ,
3427 1801 3692 1868 πρότερον
3723 1797 4010 1868 ἀναχθεὶς,

2419 1891 2504 1944 διὰ
2532 1889 2629 1958 τῆς
2661 1887 2933 1957 ἀποϐολῆς
2979 1887 3089 1940 τῶν
3118 1887 3268 1956 παρά
3308 1885 3472 1955 φύσιν
3497 1885 3710 1948 παθῶν,
3748 1885 3889 1954 πρὸς
3911 1884 4013 1954 τὴν

2425 1981 2560 2034 ἰδίαν
2592 1978 2794 2043 αἰτίαν,
2822 1979 2990 2048 ἠγουν
3016 1978 3109 2029 τὸν
3150 1977 3300 2039 Θεὸν,
3331 1977 3418 2029 διὰ
3450 1976 3550 2045 τῆς
3582 1976 3642 2027 ὲν
3683 1975 3870 2046 χάριτι
3898 1973 4013 2027 τῶν

2421 2073 2563 2142 ὑπὲρ
2612 2070 2772 2138 φύσιν
2806 2069 3022 2137 ἀγαθῶν
3047 2069 3428 2138 ξέπικτήσεως,
3475 2067 3574 2120 οὐκ
3608 2065 4011 2136 ἀναχθήσεται.

2423 2159 2545 2212 Τῶν
2567 2158 2677 2230 γὰρ
2705 2156 3090 2226 πεποιημένων
3116 2155 3454 2227 χωρισθῆναι
3479 2156 3561 2209 δεῖ
3583 2155 3726 2209 κατά
3743 2154 4012 2220 διάνοιαν,

2422 2251 2512 2303 τὸν
2543 2249 2679 2321 πρὸς
2705 2249 2839 2301 Θεὸν
2871 2246 3087 2318 ἀληθῶς
3119 2247 3510 2317 συναγόμενον.

2499 2428 2603 2490 μα’.
2647 2418 2754 2472 Τοῦ
2793 2420 2890 2489 μὲν
2938 2417 3186 2490 γραπτοῦ
3224 2417 3390 2488 νόμου
3424 2417 3584 2487 ἔργον
3620 2416 3790 2481 ἐστὶν,
3823 2416 3859 2485 ἡ
3904 2413 4021 2467 τῶν

2427 2512 2617 2567 παθῶν
2653 2511 2940 2580 ἀπαλλαγή
2961 2527 2976 2541 θ
3019 2509 3251 2578 φυσικοῦ
3283 2510 3340 2563 δὲ
3386 2511 3576 2580 νόμου,
3615 2510 3650 2579 ἡ
3683 2509 3810 2561 κατ’
3841 2510 4021 2560 ἰσονο-

2431 2607 2559 2674 μίαν
2589 2604 2724 2674 πρὸς
2746 2605 2952 2664 πάντας
2974 2601 3296 2670 ἀνθρώπους
3328 2601 3566 2670 ἰσοτιμία
3586 2618 3600 2630 ·
3627 2598 4022 2669 πνευματικοῦ

2426 2694 2482 2747 δὲ
2514 2695 2677 2763 νόμου
2705 2692 3004 2754 τελείωσις,
3039 2695 3070 2762 ή
3115 2691 3252 2762 πρὸς
3292 2690 3384 2744 τὸν
3427 2690 3581 2755 Θεὸν,
3615 2689 3690 2753 ὡς
3720 2689 3875 2742 ἐστιν
3920 2690 4025 2742 ἁν-

2430 2784 2634 2856 θρώπῳ
2667 2784 2890 2836 δυνατὸν
2927 2783 3266 2852 ἐξομοίωσις.

2505 2873 2616 2944 μβ’.
2657 2874 2769 2942 Τῆς
2803 2875 2899 2943 μὲν
2932 2874 3042 2926 τῶν
3073 2872 3343 2942 σωμάτων
3390 2874 3484 2927 καὶ
3533 2872 3847 2942 ἀσωμάτων
3874 2869 4025 2939 γνὼ-

2433 2985 2590 3030 σεως,
2641 2965 2863 3035 δεκτικὴ
2912 2965 3052 3019 κατὰ
3105 2965 3267 3032 φύσιν
3312 2964 3460 3017 ἐστὶν
3508 2966 3540 3034 ὴ
3580 2965 3673 3017 τοῦ
3722 2963 3818 3016 νοῦ
3858 2950 4029 3014 δύνα-

2437 3077 2527 3130 μις
2562 3060 2628 3127 (f)
2655 3075 2666 3085 ·
2697 3060 2796 3128 τῆς
2828 3058 2886 3110 δὲ
2924 3058 3023 3127 τῆς
3053 3056 3214 3125 ἀγίας
3259 3056 3510 3126 Τριάδος,
3541 3057 3682 3109 κατά
3722 3055 3896 3124 μόνην
3923 3054 4032 3124 τὴν

2433 3152 2592 3218 χάριν
2619 3149 2832 3218 δέχεται
2859 3148 2956 3209 τὰς
2987 3146 3254 3214 ἐμφάσεις
3274 3163 3286 3174 '
3317 3147 3397 3199 ὅτι
3440 3144 3558 3198 ἐστὶ
3597 3145 3758 3214 μόνον
3790 3144 4032 3197 πιστεύ-

2435 3259 2591 3306 ουσα,
2625 3242 2741 3294 ἀλλ’
2778 3242 2839 3293 οὐ
2883 3240 2934 3292 τί
2975 3257 3107 3291 ποτε
3153 3240 3274 3291 κατ’
3317 3238 3502 3290 οὐσίαν
3536 3238 3682 3290 ἐστὶν
3725 3235 4032 3298 αὐθαδιζο-

2441 3338 2596 3406 μένη,
2620 3335 2694 3396 ὡς
2723 3337 2751 3388 ὁ
2777 3334 3049 3404 δαιμόνιος
3077 3331 3218 3394 νοῦς.
3257 3332 3317 3383 '0
3344 3333 3453 3398 γὰρ
3481 3331 3736 3399 γνώσεως
3765 3330 4031 3398 ἄμοιρος.

2435 3426 2524 3477 τὸν
2570 3425 2688 3477 κατ’
2717 3423 2918 3493 ἀρετὴν
2957 3422 3216 3494 ῥυπτικὸν
3243 3422 3341 3489 τῆς
3368 3419 3568 3482 κακίας
3606 3419 3866 3489 οὐδαμῶς
3897 3418 4034 3470 ἐπί-

2440 3533 2629 3569 σταται
2659 3517 2879 3586 τρόπον.

2513 3615 2620 3678 μγ’.
2675 3608 2734 3659 Ὁ
2784 3606 2844 3658 τὸ
2895 3604 3090 3675 ψεῦδος
3139 3605 3404 3672 ἀγαπῶν,
3457 3602 3608 3671 αὑτῷ
3660 3603 4034 3672 παραδίδοται

2439 3701 2574 3771 πρὸς
2615 3697 2912 3759 ἀπώλειαν,
2968 3696 3054 3748 ἵνα
3100 3694 3212 3764 γνῷ
3268 3695 3492 3763 πάσχων
3542 3693 3679 3762 ὅπερ
3727 3691 3878 3771 ξκὼν
3925 3709 4034 3743 πε-

2442 3795 2636 3860 ριεῖπε,
2681 3791 2776 3843 καὶ
2831 3788 2975 3859 μάθῃ
3031 3786 3173 3841 κατὰ
3214 3786 3312 3855 τὴν
3347 3787 3542 3853 πεῖραν
3589 3783 3910 3851 γενόμενος,
3956 3782 4037 3844 ὡς

2437 3882 2727 3937 ἐλάνθανεν
2753 3882 2874 3935 ἀντὶ
2913 3881 3056 3949 ζωῆς
3085 3877 3587 3948 περιπτυσσόμενος
3618 3874 3879 3929 θάνατον.

2514 4059 2616 4128 μδ’.
2651 4056 2836 4127 Μόνην
2888 4055 3002 4126 εχει
3040 4051 3136 4106 τοῦ
3185 4049 3351 4105 καλοῦ
3390 4050 3489 4119 τὴν
3540 4047 3746 4116 γνῶσιν
3796 4046 3829 4098 ὁ
3866 4045 4037 4111 Θεὸς,

2437 4151 2514 4215 ὡς
2543 4151 2666 4204 κατ’
2699 4148 2887 4202 οὐσίαν
2913 4145 3007 4199 τοῦ
3027 4143 3196 4199 καλοῦ
3226 4143 3387 4211 φύσις
3403 4144 3464 4194 τε
3489 4139 3584 4193 καὶ
3609 4138 3815 4207 γνῶσις
3845 4138 4039 4208 ὑπάρ-

2439 4260 2580 4316 χων·
2623 4241 2718 4296 τοῦ
2751 4242 2808 4294 δὲ
2837 4238 3033 4300 κακοῦ,
3064 4237 3163 4308 τὴν
3185 4238 3424 4303 ἄγνοιαν,
3451 4233 3528 4296 ὡς
3559 4232 3661 4302 τὴν
3687 4230 3864 4284 αὑτοῦ
3886 4230 4039 4300 ἔχων

2438 4335 2741 4404 ἀδυναμίαν
2761 4351 2774 4364 ·
2823 4325 2897 4384 ὧν
2935 4333 3042 4400 γὰρ
3067 4329 3182 4398 ἔχει
3207 4328 3308 4398 τὴν
3343 4327 3573 4396 δύναμιν
3598 4324 3880 4395 φυσικῶς,
3902 4323 4039 4376 τού-

2437 4447 2547 4482 των
2578 4424 2851 4488 οὑσιωδῶς
2882 4423 3147 4492 κέκτηται
3175 4421 3275 4488 τὴν
3305 4418 3528 4488 γνῶσιν.

2522 4607 2623 4679 με’.
2659 4609 2675 4625 '
2722 4602 2797 4658 Τδ
2834 4603 2894 4657 ἐν
2927 4601 3005 4672 τῷ
3041 4596 3310 4668 Λευῖτικῷ
3341 4595 3646 4668 στηθύνιον,
3677 4595 3780 4662 τὴν
3816 4594 4040 4664 ἀμείνω

2441 4962 2590 5006 tenus
2638 4947 2924 5003 secundum
2972 4945 3326 4999 substantiam
3375 4949 3451 4994 est
3498 4948 3811 5002 contumax,
3875 4942 4042 4996 veluti

2441 5021 2630 5084 infelix
2661 5019 2891 5072 animus.
2917 5017 2994 5070 De
3032 5030 3166 5069 voce
3216 5012 3512 5084 δαιμθξνιος,
3550 5011 3723 5084 multa
3777 5010 3931 5066 Bud.
3985 5025 4041 5067 et

2440 5079 2554 5144 alii.
2590 5091 2790 5144 Planus
2819 5087 2909 5140 hic
2929 5099 3142 5148 sensus,
3168 5091 3226 5138 ut
3250 5079 3322 5136 sit
3354 5081 3537 5135 divina
3561 5095 3624 5134 ac
3647 5079 3817 5133 beata
3853 5098 4038 5142 mens.

2441 5161 2559 5230 ipse
2588 5161 2770 5230 Deus,
2787 5158 2882 5226 qui
2913 5157 2994 5210 sic
3016 5169 3150 5230 _a_se
3175 5153 3313 5207 nihil
3346 5160 3655 5230 arrogatam
3711 5149 3895 5230 habet
3950 5156 4036 5207 sui

2441 5222 2540 5300 per
2569 5222 2877 5300 essentiam
2913 5225 3168 5300 notitiam
3205 5241 3218 5277 :
3259 5222 3404 5300 quoii
3455 5229 3656 5300 tamen,
3684 5227 3750 5300 _et
3778 5237 4038 5292 sequen-

2446 5289 2519 5354 iia
2545 5301 2667 5370 ejus
2687 5314 2827 5370 cap.
2847 5295 3167 5370 desiderant
3214 5289 3510 5370 tres__Regi_i
3557 5289 3722 5370 codd:
3779 5289 4039 5370 quorum

2443 5359 3190 5452 copiafuit‘.;Si.q’uisntamjen
3219 5362 3285 5452 ad
3308 5359 3853 5452 diabolumntrahere
3875 5364 4038 5452 velit,

2441 5430 2534 5510 qui
2568 5439 2648 5493 sic
2679 5430 3336 5510 aanGt'Ceaeat_dicatur,
3367 5441 3428 5486 ut
3453 5438 3538 5485 est
3564 5430 3716 5510 illius
3739 5444 3769 5482 a
3796 5443 4038 5510 peccata

2439 5501 2658 5572 ἇνουςό
2689 5507 2867 5574 λόγος,
2905 5515 2961 5561 et
3014 5505 3121 5574 alia
3175 5518 3298 5572 quae
3356 5501 3718 5574 prosequitur
3795 5501 4036 5574 pionys.

2437 5595 2549 5633 non
2582 5571 2826 5648 pugno,
2847 5577 3033 5631 Potest
3057 5573 3150 5628 ille
3191 5571 3497 5628 temeritate
3525 5571 3684 5640 adyta
3719 5573 3873 5625 velle
3905 5571 4041 5642 per.

2437 5645 2704 5718 rumpere
2730 5656 2786 5718 et
2814 5645 3136 5718 inconcessa
3171 5651 3382 5697 tentare
3414 5659 3425 5693 :
3453 5649 3509 5695 at
3537 5655 3644 5694 non
3675 5654 3820 5695 sana
3847 5658 4039 5710 mens,

2435 5734 2498 5774 ac
2529 5715 2652 5790 qua:
2684 5717 2896 5771 nitatur
2926 5715 3050 5770 fide.
