4192 6436
207 362 343 426 1237

848 369 1186 431 CAPITUM
1221 368 1644 442 QUINQUIES
1681 368 2202 431 CENTENORUM
2242 373 2631 433 (IENTUBIA
2677 375 2757 434 II.

3331 375 3467 437 1238

206 481 301 531 καὶ
344 479 555 551 ὑψηλὴν
589 478 827 551 θεωρίαν
859 480 1012 552 δηλοῖ
1032 502 1043 513 ·
1080 484 1109 534 ό
1138 483 1193 535 δὲ
1224 483 1486 553 βραχίων,
1509 483 1608 552 τὴν
1648 482 1788 550 πρᾶ-

1903 481 2097 536 tiorem
2150 498 2212 537 ac
2263 483 2559 539 sublimem
2611 483 3135 553 contemplationem
3185 482 3476 553 signiﬁcat.

140 640 143 641 ν
203 570 313 635 ξιν,
349 573 516 642 ἧγουν
550 574 647 626 τοῦ
704 573 1051 643 διανοητικοῦ
1096 574 1197 644 τὴν
1249 573 1363 637 ἕξιν
1389 574 1484 627 καὶ
1508 575 1607 644 τὴν
1642 575 1795 642 ἐνέρ-

199 678 387 729 γειαν,
422 663 455 733 ἢ
494 663 590 734 τὴν
616 663 818 731 γνῶσιν
864 664 959 717 καὶ
1010 663 1108 735 τὴν
1154 665 1386 734 ἀρετήν·
1423 664 1501 726 ὼς
1538 665 1637 734 τῆς
1695 665 1795 733 μὲν

198 755 486 821 γνώσεως,
524 756 676 827 αὑτῷ
712 755 1095 827 προσαγοὺσης
1135 756 1356 826 ἀμέσως
1410 756 1502 808 τὸν
1555 756 1679 808 νοῦν
1720 756 1797 826 τῷ

199 846 364 917 Θεῷ·
401 847 501 916 τῆς
535 847 741 918 ἀρετῆς
770 848 846 913 δὲ,
881 847 1021 901 κατὰ
1048 847 1144 917 τὴν
1177 848 1375 916 πρᾶξιν
1408 838 1593 917 πάσης
1632 849 1797 915 ἀφαι-

203 940 485 1011 ρουμένης
517 940 683 993 αὑτὸν
712 943 811 1011 τῆς
832 940 942 992 τῶν
966 939 1137 991 ὄντων
1162 940 1430 1007 γενέσεως
1452 943 1468 963 ⁸
1499 957 1511 970 ·
1552 940 1698 1011 ἆπερ
1727 940 1798 993 ίε-

202 1033 399 1102 ρεῦσιν
424 1033 705 1101 ἀφώρισεν
753 1036 781 1086 ὁ
832 1034 1010 1101 λόγος,
1044 1036 1156 1096 τοῖς
1192 1033 1355 1103 μόνον
1401 1032 1495 1084 τὸν
1527 1033 1661 1086 Θεὸν
1709 1032 1798 1086 διὰ

200 1122 429 1176 πάντων
450 1124 826 1194 κτησαμένοις
852 1124 1243 1193 κληρονομίαν,
1277 1124 1368 1176 καὶ
1405 1123 1572 1195 μηδὲν
1609 1122 1795 1177 τοσύν-

199 1216 329 1268 ολον
354 1218 717 1287 κεκτημένοις
741 1218 1008 1286 ἐπίγειον.

286 1316 402 1377 μς’.
444 1310 663 1381 Ἐπειδὴ
714 1310 813 1373 τὰς
851 1311 1025 1366 ἄλλων
1076 1313 1306 1384 καρδίας
1365 1310 1453 1363 διά
1491 1307 1583 1362 τοῦ
1634 1308 1795 1376 λόγου

201 1401 307 1467 τῆς
334 1398 704 1463 διδασκαλίας,
738 1402 786 1451 οἱ
820 1401 1025 1468 γνώσει
1056 1401 1151 1453 καὶ
1183 1400 1354 1470 ἀρετῇ
1385 1397 1449 1450 δι’
1471 1396 1592 1449 ὅλου
1631 1412 1796 1475 ποιω-

202 1490 396 1553 θέντες
419 1489 499 1559 τῷ
527 1490 827 1559 πνεύματι,
863 1490 1149 1554 εὐσεϐείας
1180 1492 1275 1544 καὶ
1316 1488 1552 1549 πίστεως
1582 1486 1797 1539 ποιοῦν-

200 1598 300 1633 ται
331 1580 611 1645 δεκτικὰς,
637 1581 733 1633 καλ⁵
756 1580 857 1651 τὴν
888 1580 1204 1651 πρακτικὴν
1238 1578 1419 1632 αὐτῶν
1442 1578 1556 1643 ἕξιν
1590 1578 1681 1630 καὶ
1715 1574 1799 1627 δύ-

204 1691 381 1743 ναμιν
409 1673 834 1743 ἀφαιρούμενοι,
859 1673 970 1726 τῶν
998 1673 1091 1724 ἐπὶ
1115 1675 1181 1743 τῇ
1214 1671 1429 1741 φθαρτῇ
1452 1668 1611 1738 φύσει
1637 1685 1798 1721 σπου·

203 1764 532 1834 δασμάτων,
567 1766 705 1836 πρὸς
737 1765 839 1835 τὴν
868 1764 978 1817 τῶν
1009 1765 1150 1835 ὑπὲρ
1176 1764 1339 1832 φύσιν
1377 1761 1673 1832 ἀφθάρτων
1707 1763 1795 1813 ὲν-

206 1856 435 1925 έργειαν
462 1855 685 1923 ἀγαθῶν
729 1856 1167 1927 μεταφέρουσινο
1213 1855 1441 1917 είκότως
1474 1853 1582 1906 τῶν
1623 1869 1793 1923 προσ-

206 1947 499 2016 αγομένων
532 1949 614 2010 είς
656 1948 847 2001 ουσίαν
875 1948 1033 2012 Θεοῦ,
1074 1948 1137 2000 τὸ
1166 1946 1454 2017 στηθύνιον
1484 1945 1578 1998 τοῦ
1608 1944 1795 1997 ἐπιθέ-

211 2056 387 2105 ματος
417 2038 515 2107 (9)·
561 2038 836 2098 τουτέστι,
884 2038 994 2090 τῶν
1028 2037 1461 2107 προσαγομένων
1510 2036 1611 2105 τὴν
1660 2051 1798 2104 καρ-

206 2131 367 2185 δίαν·
408 2132 504 2185 καὶ
548 2132 641 2184 τὸν
690 2131 974 2201 βραχίονα,
1025 2132 1134 2184 τῶν
1182 2129 1365 2183 αὑτῶν
1411 2129 1655 2199 δηλονότι
1697 2127 1796 2197 τὴν

207 2221 453 2290 πρᾶξιν·
507 2221 843 2292 προσέταξεν
890 2220 1252 2291 ἀφιεροῦσοαι
1307 2221 1422 2282 τοῖς
1484 2217 1720 2291 ἱερεῦσιν
1768 2220 1797 2271 ό

206 2314 410 2382 Λόγος.

286 2402 396 2473 μς.
429 2404 586 2456 Πᾶσα
639 2404 673 2473 ἡ
732 2402 965 2455 ἐνταῦθα
1021 2401 1339 2472 δικαιοσύνη
1391 2402 1791 2471 συγκρινομένη

211 2492 352 2561 πρὸς
402 2492 502 2563 τὴν
536 2491 865 2562 μέλλουσαν,
907 2492 1176 2562 ἐσόπτρου
1228 2493 1387 2561 λόγον
1443 2493 1651 2561 ἐπέχει,
1696 2491 1795 2562 τὴν

209 2584 320 2637 τῶν
350 2583 679 2656 ἀρχετύπων
708 2585 1053 2654 πραγμάτων
1085 2584 1291 2648 εἰκόνα,
1330 2585 1431 2637 οὑκ
1466 2584 1605 2637 αὑτὰ
1632 2585 1687 2637 δὲ
1724 2584 1792 2637 τὰ

210 2677 515 2747 πράγματα
545 2676 669 2730 κατ’
689 2672 831 2738 είδος
869 2675 1219 2743 ὑφιστάμενα
1244 2676 1441 2746 ἔχουσα
1464 2694 1476 2706 ·
1511 2679 1605 2731 καὶ
1651 2678 1793 2730 πᾶσα

206 2767 414 2837 γνῶσις
446 2768 680 2821 ἐνταῦθα
707 2770 817 2820 τῶν
839 2769 1062 2839 ὑψηλῶν
1094 2770 1497 2840 συγκρινομένη
1528 2770 1666 2839 πρὸς
1693 2770 1793 2839 τὴν

214 2858 540 2928 μέλλουσαν,
592 2859 825 2931 αἴνιγμά
854 2863 1025 2923 ἐστιν,
1078 2861 1319 2932 ἔμφασιν
1369 2863 1469 2932 τῆς
1511 2862 1791 2933 ἀληθείας,

209 2951 330 3006 ἀλλ’
368 2954 468 3007 οὑκ
493 2955 662 3023 αὑτὴν
697 2956 1078 3027 ὑφισταμένην
1103 2954 1303 3025 ἔχουσα
1328 2955 1427 3027 τὴν
1456 2956 1793 3027 φανήσεσθαι

213 3047 517 3116 μέλλουσαν
552 3048 835 3118 ἀλήθειαν.

287 3137 400 3208 μη’.
442 3140 660 3211 Ἐπειδὴ
687 3142 857 3211 ἀρετῇ
893 3141 988 3194 καὶ
1012 3141 1211 3210 γνώσει
1238 3143 1307 3197 τὰ
1333 3142 1453 3196 θεῖα
1488 3143 1788 3213 συνέχεται,

211 3228 322 3282 τῶν
361 3229 481 3282 κατ’
508 3230 709 3300 ἀρετὴν
757 3232 1137 3301 πρωτοτύπων
1184 3234 1336 3286 ἐστὶν
1369 3234 1700 3288 ἐνδεικτικὸν
1732 3235 1795 3289 τὸ

211 3322 499 3392 ἔσοπτρον,
529 3323 624 3375 καὶ
652 3322 763 3375 τῶν
792 3324 936 3378 κατά
967 3324 1172 3392 γνῶσιν
1219 3326 1546 3396 ἀρχετύπων
1595 3328 1797 3397 ἐκφαν-

211 3415 365 3466 τικὸν
404 3413 643 3484 ὑπάρχει
678 3415 739 3466 τὸ
774 3414 1029 3486 αἴνιγμα.

288 3508 396 3577 μθ’.
432 3507 490 3560 Ὀ
532 3507 620 3561 διὰ
677 3508 934 3579 πράξεως
988 3510 1364 3579 εὑαρεστήσας
1410 3512 1489 3581 τῷ
1531 3513 1672 3583 Θεῷ,
1707 3511 1795 3565 διὰ

212 3597 449 3667 θεωρίας
479 3597 615 3668 πρὸς
643 3597 740 3668 τὴν
771 3598 880 3651 τῶν
930 3601 1139 3670 νοητῶν
1166 3600 1373 3672 χώραν,
1416 3603 1505 3656 τὸν
1547 3604 1671 3657 νοῦν
1696 3605 1793 3675 δη-

211 3692 347 3762 λαδὴ
382 3691 774 3762 μετατίθησινο
807 3694 894 3746 ἵνα
927 3692 1001 3764 μὴ
1043 3694 1129 3748 διὰ
1177 3696 1477 3764 φαντασίας
1524 3698 1669 3760 τινὸς
1701 3700 1794 3753 τὸν

214 3782 272 3834 ὲν
304 3784 417 3845 τοῖς
447 3781 643 3835 πάθεσι
675 3782 939 3853 θεάσηται
969 3783 1197 3837 θάνατον
1224 3786 1368 3839 κατά
1385 3789 1486 3855 τὴν
1515 3787 1789 3858 αἴσθησιν,

212 3872 289 3934 ὡς
317 3872 422 3924 ὑπὸ
457 3872 682 3942 μηδενὸς
725 3874 833 3928 τῶν
860 3875 1002 3928 ἑλεῖν
1034 3875 1379 3946 βουλομένων
1411 3878 1487 3948 (h)
1514 3879 1793 3943 παντελῶς

211 3963 623 4033 εὑρισκόμενος.

284 4060 348 4108 ν’.
386 4055 445 4107 '0
473 4054 700 4125 καθαρῷ
746 4056 989 4120 πίστεως
1038 4058 1303 4129 ὀφθαλμῷ
1350 4060 1460 4115 τῶν
1489 4063 1792 4133 μελλόντων

210 4146 434 4214 ἀγαθῶν
485 4147 608 4200 ίδὼν
660 4150 759 4219 τὴν
818 4149 1181 4221 εὐπρέπειαν,
1233 4152 1497 4207 ὑπακούει
1541 4159 1645 4227 γῆς
1702 4160 1793 4213 καὶ

212 4241 534 4308 συγγενείας
570 4243 663 4294 καὶ
693 4242 846 4294 οἴκου
881 4243 1157 4312 πατρικοῦ
1204 4246 1502 4317 προθύμως
1531 4250 1790 4318 ἐξελθεῖν,

210 4332 527 4385 καταλιπὼν
549 4332 648 4403 τὴν
678 4332 815 4403 πρὸς
832 4334 1012 4405 σάρκα
1041 4337 1134 4390 καὶ
1157 4336 1412 4407 αἴσθησιν
1443 4340 1540 4392 καὶ
1562 4343 1795 4413 αἰσθητά

214 4424 402 4495 σχέσιν
428 4442 487 4478 τε
528 4428 620 4479 καὶ
672 4427 1082 4497 προσπάθειαν·
1139 4429 1233 4483 καὶ
1273 4430 1489 4498 φύσεως
1524 4435 1581 4487 ἐν
1614 4436 1792 4507 καιρῷ

1899 575 2098 627 Armus
2143 584 2349 638 autem,
2387 574 2689 637 actionem,
2737 576 2790 629 id
2834 584 2937 639 est,
2974 574 3266 644 cogitantis
3310 575 3479 628 animi

1900 664 2150 717 habitum
2177 673 2233 719 et
2258 666 2661 734 operationem,
2685 665 2769 719 vel
2797 666 3083 720 scientiam
3108 672 3164 717 et
3185 664 3478 730 virtutem;

1899 756 2102 826 quippe
2132 771 2256 809 eum
2288 757 2516 811 scientia
2550 766 2790 811 mentem
2815 757 2925 811 Deo
2953 756 3269 811 immediate
3295 755 3483 810 admo-

1899 858 2053 914 veat;
2096 849 2277 903 virtus
2320 864 2482 911 vero,
2527 866 2636 919 qua
2684 850 2957 903 actionem
3007 848 3167 913 colit,
3209 848 3279 903 ab
3329 848 3478 903 omni

1899 955 2085 994 rerum
2115 940 2407 995 affectione
2434 948 2668 1010 ortuque
2698 951 2976 995 removeat
3003 958 3017 995 :
3044 960 3167 1012 qua:
3193 940 3480 1010 Scriptura

1897 1031 2278 1086 sacerdotibus
2326 1034 2661 1103 segregavit,
2713 1034 2807 1103 qni
2862 1034 3041 1088 solum
3100 1035 3272 1087 Deum
3334 1031 3480 1086 nacti

1901 1125 2305 1191 haereditatem,
2343 1126 2479 1180 nihil
2529 1141 2755 1197 prorsus
2796 1142 2982 1181 rerum
3026 1136 3374 1183 terrenarum
3425 1126 3479 1180 in

1898 1228 2067 1267 censu
2101 1214 2358 1268 habeant.

1970 1304 2058 1358 46.
2088 1303 2223 1358 Cum
2254 1304 2364 1370 his,
2389 1305 2482 1374 qui
2518 1307 2749 1361 scientia
2777 1314 2833 1359 et
2860 1307 3064 1362 virtute
3093 1324 3193 1378 per
3223 1308 3478 1379 spiritum

1899 1402 2013 1448 toto
2056 1396 2242 1449 animo
2288 1396 2483 1450 imbuti
2527 1406 2685 1462 sunt,
2717 1399 2938 1467 pietatis
2977 1398 3213 1470 ﬁdeique
3252 1416 3480 1470 capaces

1898 1486 2131 1540 aliorum
2173 1496 2385 1541 mentes
2425 1488 2674 1543 doctrina
2719 1498 2883 1558 atque
2922 1506 3176 1544 sermone
3218 1491 3477 1554 eﬁiciant,

1897 1591 2199 1645 eorumque
2232 1577 2466 1631 actionis
2496 1578 2745 1631 habitum
2780 1594 2845 1633 ac
2872 1578 3186 1633 facultatem
3222 1579 3478 1633 auferen-

1901 1674 2002 1731 tcs,
2032 1684 2099 1721 ne
2133 1683 2236 1736 pro
2267 1677 2479 1722 naturae
2507 1677 2782 1739 corrupta:
2808 1670 2929 1724 labe
2957 1671 3157 1724 studiis
3182 1671 3476 1735 dedantur,

1898 1758 1963 1812 ad
1991 1758 2308 1827 incorrupta
2339 1759 2481 1814 bona
2510 1761 2619 1813 vim
2648 1777 2868 1814 omnem
2900 1773 3110 1816 natura:
3138 1763 3477 1832 superantia,

1899 1868 2063 1921 opere
2095 1852 2406 1920 przcstanda
2435 1854 2801 1916 transferant;
2835 1856 3031 1909 merito
3059 1872 3252 1909 eorum
3277 1872 3398 1925 quae
3424 1858 3480 1910 in

1900 1944 1994 1997 Dei
2046 1944 2316 1998 sacriﬁcio
2364 1945 2676 2000 oﬁeruntur
2722 1948 3102 2015 pcctusculum
3153 1948 3481 2002 elcvationis

1900 2036 2111 2105 (eorum
2145 2036 2355 2091 scilicet
2381 2038 2472 2107 qui
2503 2038 2869 2092 admoventur
2899 2055 2995 2093 cor
3018 2049 3181 2109 atque
3211 2040 3479 2109 animum)

1896 2141 2220 2195 armumque
2247 2128 2591 2194 (eorumdcm
2620 2130 2830 2184 scilicet
2853 2131 3149 2198 actionem)
3182 2131 3481 2186 sacerdoti-

1898 2217 2001 2272 bus
2031 2218 2334 2271 addicenda
2366 2219 2629 2288 prmccpit
2656 2218 2878 2274 divinus
2911 2218 3124 2274 Sermo.

1966 2421 2055 2473 47.
2104 2419 2297 2475 Omnis
2341 2422 2464 2475 vitae
2516 2422 2680 2491 hujus
2723 2414 2973 2493 iustitia,
3017 2424 3061 2476 si
3112 2437 3237 2476 cum
3295 2422 3477 2476 futura

1896 2511 2180 2577 conferas,
2218 2514 2427 2582 speculi
2477 2515 2747 2568 rationem
2791 2515 3038 2583 prmfert,
3075 2514 3477 2584 primitivarum

1898 2620 2084 2659 rerum
2117 2605 2433 2675 imaginem,
2469 2622 2577 2661 non
2612 2623 2700 2661 res
2733 2608 2878 2676 ipsas
2909 2607 3209 2661 secundum
3240 2607 3476 2676 speciem

1896 2714 2024 2751 vere
2058 2700 2411 2761 exsistentes,
2443 2699 2655 2754 habens
2688 2718 2701 2752 :
2740 2700 3027 2768 omnisque
3062 2700 3345 2768 praesentis
3376 2700 3478 2755 aevi

1896 2790 2218 2845 sublimium
2265 2804 2450 2843 rerum
2498 2790 2765 2852 scientia,
2810 2790 2854 2844 si
2903 2805 3029 2843 cum
3078 2805 3143 2844 ea
3188 2789 3476 2855 conferas,

1894 2899 2015 2953 quae
2048 2883 2233 2937 futura
2268 2893 2637 2953 exspectatur,
2670 2884 2899 2954 aenigma
2934 2893 3036 2948 cst,
3060 2885 3311 2939 veritatis
3337 2884 3479 2940 exile

1896 2974 2277 3037 simulacrum,
2310 2990 2419 3027 non
2459 2975 2630 3044 ipsam
2661 2991 2782 3043 qua:
2813 2976 3208 3030 manifestanda
3239 2984 3326 3031 est
3352 2991 3479 3032 vere

1894 3067 2249 3119 exsistentem
2278 3075 2335 3120 et
2361 3066 2534 3135 ipsam
2560 3068 2847 3121 veritatem
2878 3067 3105 3121 habens.

1820 3176 1866 3235 (ι
1966 3156 2055 3211 48.
2086 3156 2225 3211 Cum
2264 3173 2351 3212 res
2384 3158 2605 3223 divinae,
2633 3159 2837 3213 virtute
2874 3167 2930 3214 et
2962 3159 3193 3215 scicntia
3225 3174 3477 3229 oompre~

1899 3249 2249 3311 hendantur,
2285 3252 2603 3319 speculum,
2637 3251 2856 3307 virtutis
2899 3252 3177 3323 primitiva
3219 3261 3279 3306 ut
3320 3253 3473 3306 exhi-

1896 3342 2044 3405 beat,
2073 3353 2450 3411 comparatum
2479 3344 2674 3409 habet;
2703 3344 2932 3415 aenigma
2962 3361 3117 3408 vero,
3146 3354 3205 3400 ut
3236 3345 3479 3400 scicntia:

1894 3434 2175 3503 principes
2199 3434 2403 3488 formas
2430 3450 2493 3489 ac
2520 3436 2853 3505 exemplaria
2888 3447 3265 3505 repraesentet.

1965 3526 2052 3579 49.
2080 3525 2183 3591 Qui
2217 3543 2316 3596 per
2344 3528 2616 3582 actionem
2646 3528 2758 3582 Deo
2790 3544 3013 3597 operam
3045 3529 3319 3598 probavit,
3347 3545 3479 3582 con-

1895 3617 2267 3686 templationis
2300 3620 2453 3673 cultu
2483 3619 2551 3673 ad
2583 3635 2776 3674 eorum
2804 3636 2924 3689 qurc
2950 3628 3131 3675 mente
3162 3621 3471 3691 intelligun-

1896 3718 1984 3763 tur
2025 3710 2561 3780 regionem,.utique
2607 3711 2851 3765 animum
2899 3712 3224 3777 traducit“,
3261 3728 3331 3767 ne
3370 3728 3475 3782 qua

1895 3801 2247 3873 544-546
2273 3802 2625 3872 cogitatione,
2651 3812 2881 3858 mortem
2913 3804 2965 3857 in
2995 3804 3280 3861 aﬁectibus
3302 3805 3480 3859 vitiis-

1892 3910 2000 3963 que
2030 3896 2285 3963 positam,
2313 3911 2477 3950 sensu
2505 3896 2689 3950 videat
2716 3915 2728 3950 :
2758 3913 2919 3966 quem
2950 3898 3234 3962 nimirum,
3260 3914 3475 3962 eorum,

1892 3997 2013 4051 qua:
2042 3984 2357 4052 mancipare
2382 3984 2585 4047 velint,
2608 3987 2758 4040 nulla
2787 3987 3087 4040 inveniant.

1963 4072 2051 4127 50.
2090 4074 2193 4139 Qui
2236 4076 2442 4130 mundo
2482 4076 2609 4130 ﬁdei
2653 4078 2816 4131 oculo
2854 4078 3164 4132 futurorum
3206 4078 3474 4132 bonorum

1892 4165 2220 4235 elegantiam
2251 4168 2482 4237 aspexit,
2507 4178 2568 4223 ut
2589 4168 2744 4239 quasi
2777 4170 2843 4224 de
2874 4180 3019 4224 terra
3044 4183 3101 4225 et
3130 4170 3473 4241 cognatione,

1894 4258 2073 4327 deque
2122 4268 2352 4327 paterna
2399 4261 2563 4315 domo
2607 4271 2765 4316 exeat
2791 4263 2858 4325 ⁸⁸,
2894 4272 3151 4331 prompto
3198 4262 3476 4330 alacriquc

1894 4350 2080 4404 animo
2113 4350 2372 4416 obaudit;
2408 4352 2558 4406 omni
2593 4354 2657 4407 ad
2696 4369 2917 4409 carnem
2953 4368 3286 4422 sensumque
3319 4369 3385 4408 ac
3412 4355 3475 4408 ea

1894 4454 2015 4507 quae
2052 4455 2277 4494 sensum
2312 4450 2556 4507 movent,
2585 4441 2877 4497 aﬂ‘ectione
2907 4459 2970 4499 ac
2998 4443 3227 4498 libidine
3252 4443 3471 4508 relicta;

210 4514 524 4585 πειρασμοῦ
555 4517 650 4568 καὶ
682 4514 912 4585 ἀγώνων
937 4517 1274 4590 ὑψηλότερος
1304 4521 1401 4585 ὢν,
1438 4527 1788 4598 προτιμήσας

1894 4540 2234 4602 naturaque,
2269 4533 2492 4589 interim
2532 4536 2661 4591 dum
2703 4538 3037 4593 tentationes
3075 4552 3141 4592 ac
3176 4537 3473 4592 certamina

281 4670 331 4703 ⁸⁸
354 4672 491 4728 Gen.
524 4689 580 4739 v,
611 4672 714 4738 24;
752 4673 922 4729 Hebr.
952 4691 1027 4739 χι,
1056 4674 1108 4729 5.
1188 4676 1233 4707 ⁸³
1267 4675 1404 4731 Gen.
1430 4695 1525 4743 xu,
1563 4682 1611 4736 l.

281 4810 317 4826 “
347 4805 527 4868 Edita,
553 4805 828 4871 γνώσεως.
860 4806 1041 4861 Malim
1074 4808 1334 4875 σχέσεως.

285 4880 299 4895 ⁶
329 4875 412 4931 Cf.
448 4878 516 4931 ad
566 4876 813 4931 Thalass.
844 4894 899 4947 q.
949 4879 1039 4943 47,
1091 4878 1185 4933 ubi
1232 4878 1347 4933 fere
1380 4896 1496 4950 seq.
1534 4882 1621 4937 ad.
1672 4900 1793 4956 cap.
1838 4905 2011 4959 usque
2046 4892 2132 4945 49.

274 5018 364 5141 39)
417 5018 497 5096 ’Τὸ
546 5020 879 5085 στηθύνιον
936 5019 1040 5072 τοῦ
1079 5018 1453 5103 ἐπιρέματος,
1496 5024 1654 5106 Vglg'
1706 5029 1785 5082 mi

313 5089 577 5141 dldlmus.
610 5088 978 5141 Pectusculum
1006 5088 1329 5141 elevatroms.
1367 5092 1518 5141 vat.
1552 5106 1779 5141 Inlornr,

207 5088 577 5167 reddidimus,
610 5088 978 5167 Pectusculunt
1006 5088 1329 5167 eleuationis.
1367 5092 1518 5167 Syxt.
1552 5088 1783 5167 interpr.

206 5160 582 5232 impositignis,
632 5161 779 5228 quod
815 5176 925 5232 non
962 5160 1035 5232 ita
1066 5160 1286 5213 videtur
1329 5160 1662 5232 exprimere.
1698 5160 1784 5222 ibi

210 5229 402 5304 Schol.
439 5229 645 5304 Ταυτόν
698 5233 846 5304 ἐστιν
886 5230 1301 5304 ἀφαίρεμαμκαξ
1350 5229 1632 5304 ἀφόρισμα
1694 5240 1787 5292 καὶ

210 5299 451 5377 ἐπίθεμα
468 5301 583 5377 fat
625 5299 979 5377 καρπώματα
1004 5299 1112 5377 ἀπὸ
1143 5301 1249 5377 τῶν
1272 5299 1484 5377 ’θυσιῶν
1508 5299 1787 5377 ἀφοριζό-

214 5387 353 5443 μενα
384 5368 525 5443 Θεῷ,
559 5368 938 5443 ἀπερίγίνεται
971 5371 1110 5443 μέρη
1147 5370 1239 5422 τοῦ
1271 5373 1477 5443 ἱερέως.
1506 5368 1787 5432 Non-nia-

210 5441 262 5495 le
297 5440 525 5516 forsitan
555 5442 899 5516 appositionis
922 5457 939 5505 ;
966 5441 1081 5516 sive
1107 5440 1790 5516 pectuscufumrappositum

211 5513 629 5588 (rc-suppositum
658 5511 860 5588 divina:
888 5512 1107 5588 hostiae,
1140 5526 1202 5588 ac
1232 5514 1373 5588 parti
1415 5515 1495 5568 illi
1523 5511 1651 5588 qua:
1685 5534 1785 5588 pe-

212 5581 481 5652 culiarius
508 5582 562 5634 in
587 5582 682 5636 Dei
708 5582 976 5637 honorem
1012 5581 1263 5652 cedebat,
1300 5582 1489 5652 illique
1524 5581 1787 5642 incende-

215 5649 397 5705 hatnr.
432 5652 561 5705 Eam
593 5661 830 5707 mentem
868 5652 1038 5705 nostri
1068 5652 1183 5706 Jac.
1217 5651 1284 5706 de
1318 5649 1491 5709 Janua
1541 5656 1787 5712 Catholi-

213 5736 318 5773 con
356 5722 668 5776 insinuavit.
710 5724 788 5777 Eo
813 5723 956 5777 forte
984 5721 1300 5776 Graecorum
1331 5724 1471 5779 ritus
1499 5728 1778 5791 collineat,

216 5805 343 5844 cum
401 5808 589 5848 massa:
650 5794 827 5864 panis,
878 5809 944 5848 ex
1000 5807 1105 5863 qua
1178 5792 1520 5850 Dominicum
1579 5814 1779 5869 corpus

1895 5032 2219 5096 conﬁciunt,
2276 5034 2588 5101 complures
2642 5033 2815 5087 micas
2851 5033 3203 5090 offerentium
3246 5036 3473 5092 nomine

1894 5115 2201 5171 apponunt,
2257 5103 2372 5157 sive
2438 5113 2798 5172 supponunt,
2856 5120 2995 5171 quas
3052 5106 3325 5158 incertum
3403 5124 3472 5161 an

1895 5174 2226 5245 sacriﬁcent.
2261 5174 2378 5227 Non
2422 5184 2604 5227 tamen
2635 5173 2689 5225 in
2730 5175 2992 5229 omnibus
3022 5174 3256 5245 quadrat
3282 5192 3472 5231 exeru-

1912 5244 2063 5296 ilum.

1894 5258 2194 5385 ljuizi.T5r
2220 5312 2383 5367 ἑλεῖν
2412 5313 2831 5382 βουλομένων.
2870 5314 3080 5369 Sensus
3109 5315 3224 5385 ipse
3253 5316 3469 5385 planus.

1895 5381 2260 5438 Securitatem
2301 5384 2417 5437 haec
2447 5381 2667 5443 sonant,
2694 5385 2835 5454 ejus,
2868 5386 2962 5453 qui
2992 5381 3219 5439 scientia
3253 5381 3317 5439 ac
3362 5386 3473 5439 vir-

1902 5461 2018 5509 tute
2050 5455 2211 5521 longe
2243 5464 2538 5523 provectus
2576 5455 2667 5515 sit,
2712 5470 2816 5509 nec
2846 5456 3003 5509 facile
3036 5472 3099 5509 ex
3127 5470 3291 5508 sensu
3322 5458 3468 5523 ejus-

1894 5538 2005 5645 que
2032 5524 2262 5578 libidine
2293 5525 2491 5578 tentari
2522 5532 2619 5578 aut
2648 5524 2770 5578 Ircdi
2793 5526 2997 5593 possit;
3054 5541 3160 5594 qua
3201 5527 3470 5580 sollicitu-

1935 5594 2023 5645 ine
2056 5595 2304 5645 moribus
2349 5595 2621 5645 excultus.
2663 5595 2869 5645 divinis
2912 5597 3157 5645 animum
3209 5596 3467 5645 intendit.

1935 5594 2023 5647 ine
2056 5595 2304 5648 moribus
2349 5595 2621 5657 excultus,
2663 5595 2869 5649 divinis
2912 5597 3157 5650 animum
3209 5596 3467 5650 intendit.

1893 5662 2055 5737 Picus
2082 5664 2267 5737 ἐλθεῖν
2294 5664 2524 5731 habuit,
2557 5680 2622 5717 cx
2669 5679 2779 5734 quo
2830 5664 2969 5719 nihil
3014 5667 3231 5737 probati
3272 5679 3472 5722 sensus

1889 5734 2091 5788 elicere
2118 5735 2317 5804 potuit.
2628 5754 2631 5757 ·
