4192 6436
711 353 844 417 1239

708 467 999 536 ingruunt,
1046 465 1224 521 factus
1279 464 1532 532 superior

705 561 1004 612 Auctorem
1036 555 1367 626 praetulerit;
1402 555 1554 610 velut
1591 571 1817 626 magnus
1849 558 2149 627 Abraham,
2181 579 2294 632 pra:

708 645 894 701 lsaaco
918 648 1088 700 Deum
1120 645 1176 698 in
1209 645 1520 716 potioribus
1548 646 1741 700 habuit
1761 648 1828 702 ".

778 738 868 791 5i.
893 737 995 803 Qui
1025 752 1206 805 neque
1235 737 1424 806 gloria:
1449 752 1636 800 causa,
1662 751 1764 791 nec
1789 738 2081 794 occasione
2111 740 2294 795 avari-

711 828 798 882 tiae
819 830 886 892 ⁸⁷,
912 843 1092 897 neque
1127 828 1388 882 adulandi
1423 829 1616 898 gratia,
1644 840 1702 884 et
1736 839 1797 884 ut
1827 831 2146 888 hominibus
2179 835 2292 904 pla-

707 926 848 982 ceat,
883 932 1052 993 seque
1091 917 1206 986 ipse
1241 926 1500 981 ostentet,
1528 917 1816 984 virtutem,
1847 930 1943 975 aut
1977 921 2290 977 divinorum

705 1010 1055 1080 cloquiorum
1106 1010 1520 1066 meditationem
1581 1016 1882 1068 consectari
1933 1015 2146 1080 studet,
2193 1017 2290 1070 sed

707 1111 905 1156 cuncta
931 1111 1156 1173 propter
1183 1103 1352 1156 Deum
1386 1110 1500 1156 tum
1535 1102 1688 1169 facit,
1711 1113 1825 1158 tum
1856 1106 2123 1175 loquitur,
2147 1117 2293 1161 tum-

709 1209 817 1264 que
846 1194 1071 1262 cogitat,
1100 1194 1188 1249 hic
1219 1194 1273 1248 in
1299 1194 1383 1248 via
1410 1196 1658 1250 veritatis
1688 1197 1741 1250 in
1770 1198 1998 1252 scientia
2024 1201 2286 1255 ambulat.

704 1285 822 1340 Non
845 1287 991 1340 enim
1019 1286 1198 1340 libens
1216 1285 1440 1340 divinus
1460 1286 1652 1342 Sermo
1676 1289 1732 1342 in
1756 1290 1968 1344 semitis
1989 1307 2098 1346 non
2125 1295 2290 1348 rectis

707 1378 1050 1441 immoratur,
1074 1377 1158 1434 vel
1197 1377 1244 1432 si
1283 1377 1336 1431 in
1379 1378 1709 1448 quibusdam
1750 1391 2110 1450 praeparatam
2146 1385 2287 1439 viam

707 1469 980 1522 invenerit
1001 1469 1067 1523 ⁵⁸.
2042 1478 2048 1482 ’

772 1558 860 1612 52.
883 1559 1104 1629 Jejunat
1138 1561 1282 1630 quis,
1307 1577 1477 1630 seque
1515 1561 1586 1614 ab
1627 1578 1689 1617 ea
1724 1561 1901 1617 victus
1931 1566 2141 1620 ratione
2166 1565 2291 1621 abs-

703 1651 862 1712 tinet,
901 1665 1026 1719 quae
1062 1651 1325 1706 libidines
1377 1652 1619 1721 vitiaque
1662 1653 1936 1721 incendit;
1981 1668 2288 1726 cuncta‘;ue

703 1741 841 1794 adeo
870 1742 1076 1810 reliqua
1107 1743 1237 1812 agit,
1264 1759 1385 1812 qute
1414 1743 1724 1798 conducant
1756 1756 1814 1800 ut
1843 1763 1872 1802 τι
1905 1749 2113 1802 malitia
2145 1749 2289 1804 libe-

1877 357 1935 415 S.
1979 358 2268 420 MAXIMI
2307 361 2817 425 CONFESSORIS

1609 481 1621 516 :
1679 465 1883 535 quippe
1936 468 2030 536 qui
2084 479 2283 526 natura

2397 475 2496 546 τὴν
2521 476 2701 529 αίτίαν
2731 478 2830 547 τῆς
2872 476 3116 546 φύσεως,
3147 477 3224 543 ὡς
3266 478 3362 533 τοῦ
3403 479 3610 541 Ἰσαάκ,
3641 485 3732 533 τὸν
3762 480 3926 545 Θεὸν,
3952 486 3984 534 5

3837 367 3985 431 1240

2401 568 2576 638 μέγας
2609 567 2879 639 Ἁϐραάμ.

2469 733 2569 780 ναθ.
2608 726 2669 778 '0
2698 727 2831 796 μήτε
2852 726 3013 797 δόξης
3042 727 3251 792 ἕνεκεν,
3295 728 3432 797 μήτε
3466 727 3734 797 προφάσει
3775 726 3980 779 πλεονο

2399 817 2568 881 εξίας,
2606 817 2745 886 μήτε
2798 815 3087 880 κολακείας
3150 817 3328 887 χάριν,
3361 818 3454 869 καὶ
3479 816 3980 886 ἀνθρωπαρεσκίας

2397 910 2492 961 καὶ
2545 907 2878 973 ἐπιδείξεως,
2925 908 3024 979 τὴν
3069 908 3291 978 ἀρετὴν,
3354 909 3387 978 ἢ
3438 908 3536 978 τὴν
3583 907 3816 977 μελέτην
3860 907 3978 958 τῶν

2398 1002 2556 1054 θείων
2582 1000 2759 1068 λόγων
2794 999 3073 1071 μετελθεῖν
3103 999 3458 1070 ἐπιτηδεύων,
3506 999 3639 1052 ἀλλά
3675 1000 3853 1052 πάντα
3880 998 3978 1051 διά

2396 1093 2486 1146 τὸν
2510 1091 2644 1144 Θεὺν
2670 1093 2762 1145 καὶ
2805 1091 2976 1145 ποιῶν
3009 1093 3101 1144 καὶ
3129 1091 3306 1160 λέγων
3329 1091 3424 1144 καὶ
3447 1091 3844 1160 διανοούμενος,
3875 1085 3977 1142 οὖς

2396 1199 2484 1245 τος
2527 1184 2584 1235 ἐν
2625 1184 2690 1252 τῇ
2743 1183 2848 1252 ὁδῷ
2889 1183 2990 1253 τῆς
3028 1183 3288 1253 ἀληθείας
3331 1183 3389 1236 ἐν
3416 1182 3614 1250 γνώσει
3649 1184 3974 1252 πορεύεται.

2395 1275 2614 1344 Τρίϐοις
2653 1276 2762 1344 γὰρ
2795 1276 2896 1328 οὐκ
2950 1274 3189 1336 εὐθείαις
3223 1277 3252 1327 ὁ
3284 1273 3424 1337 θεῖος
3467 1274 3530 1326 οὐ
3581 1273 3823 1340 πέφυκεν
3866 1274 3978 1340 ἐμο

2396 1368 2720 1437 φιλοχωρεῖν
2761 1366 2940 1434 λόγος,
2981 1366 3082 1421 κᾶν
3110 1364 3248 1438 εὕρῃ
3288 1364 3388 1436 τὴν
3423 1364 3540 1418 ὁδὸν
3572 1363 3629 1417 ἐν
3651 1379 3793 1416 τισιν
3824 1363 3975 1415 ἐτοι-

2398 1477 2517 1527 μον.

2465 1551 2562 1621 νβ’.
2595 1552 2866 1622 Νηστεύει
2909 1565 3015 1613 τις,
3063 1549 3158 1602 καὶ
3203 1548 3470 1618 ἀπέχεται
3517 1547 3617 1616 τῆς
3669 1545 3976 1614 ἐξαπτικῆς

2395 1643 2503 1696 τῶν
2541 1642 2731 1696 παθῶν
2772 1642 3022 1712 διαίτης·
3077 1641 3147 1694 τά
3195 1641 3330 1696 ἄλλα
3362 1657 3422 1694 τε
3472 1641 3635 1703 ποιεῖ,
3680 1641 3781 1693 ὅσα
3828 1639 3975 1708 πρὸς

2397 1733 2717 1804 ἀπαλλαγὴν
2763 1735 2964 1797 κακίας
2994 1732 3400 1802 συμϐάλλεσθαι
3439 1732 3703 1785 δύναται·
3732 1731 3831 1800 τὴν
3878 1729 3978 1781 λε·-

705 1839 856 1885 retur
880 1848 943 1886 ac
972 1835 1270 1902 pravitate;
1308 1835 1398 1888 hic
1449 1836 1528 1888 sic
1564 1847 1932 1906 nuncupatam
1985 1840 2126 1893 viam
2153 1857 2283 1908 pra:-

2395 1826 2635 1895 γομένην
2683 1825 2801 1878 eam
2847 1820 3000 1888 οὗτος
3050 1823 3356 1893 ἡτοίμασε*
3430 1821 3735 1887 κενοδοξίας
3793 1821 3873 1887 δὲ,
3934 1822 3973 1891 ἢ

704 1925 921 1993 paravit
958 1945 970 1979 :
1008 1926 1092 1980 sin
1128 1937 1333 1988 autem,
1369 1928 1548 1980 inanis
1567 1928 1752 1996 gloria:
1787 1946 1979 1989 causa,
2006 1939 2062 2002 ct
2093 1939 2152 1983 ut
2182 1932 2289 1986 sibi

705 2017 828 2085 plus
875 2028 1124 2088 arroget,
1167 2020 1250 2073 vel
1313 2029 1372 2073 ut
1424 2019 1769 2085 blandiatur,
1817 2029 1912 2075 aut
1969 2021 2289 2078 hominibus

704 2109 945 2178 placeat,
981 2111 1199 2164 aliudve
1243 2110 1529 2180 quidpiam
1575 2120 1824 2181 praestet,
1861 2128 2025 2182 quam
2074 2123 2132 2167 ut
2173 2114 2288 2169 Deo

706 2202 967 2270 probetur
1001 2217 1065 2256 ac
1102 2204 1278 2272 ipsum
1317 2204 1690 2269 demereatur,
1727 2206 2064 2275 ejuscemodi
2097 2208 2288 2264 modos

698 2301 1052 2347 consectatur
1090 2309 1380 2362 moresque
1415 2293 1567 2358 colit,
1597 2294 1688 2349 hic
1720 2295 1815 2348 Dei
1851 2295 2073 2350 semitas
2110 2309 2288 2354 rectas

703 2398 811 2436 non
848 2382 1006 2448 fecit;
1052 2400 1114 2437 ac
1158 2386 1412 2453 parandae
1437 2385 1661 2454 quidem
1695 2386 1796 2440 viae
1831 2386 2077 2441 laborem
2115 2390 2284 2444 susti-

699 2473 843 2537 nuit,
872 2483 932 2528 ut
959 2475 1102 2528 Deus
1125 2483 1309 2530 autem
1345 2476 1399 2529 in
1429 2477 1549 2547 ejus
1577 2477 1793 2532 semitis
1818 2478 2146 2545 ambularet,
2172 2496 2282 2536 non

698 2566 962 2620 obtinuit.

770 2655 858 2708 53.
888 2653 1071 2709 Omnis
1105 2656 1260 2710 vallis
1296 2657 1600 2726 implebitur
1619 2657 1664 2689 "
1699 2675 1712 2710 :
1749 2673 1859 2712 non
1891 2659 2088 2728 quovis
2119 2661 2282 2716 modo

699 2745 899 2803 omnis.
927 2762 1103 2814 neque
1128 2747 1404 2812 omnium;
1439 2764 1618 2818 neque
1641 2747 1787 2803 enim
1815 2766 2028 2815 eorum,
2052 2752 2144 2820 qui
2173 2769 2282 2806 non

699 2845 1033 2906 paraverunt
1057 2839 1200 2892 viam
1233 2839 1467 2904 Domini,
1502 2857 1605 2896 nec
1635 2851 1815 2896 rectas
1844 2841 2096 2896 fecerunt
2119 2845 2285 2897 semi-

700 2938 782 2982 tas
825 2929 965 2998 ejus.
1003 2928 1232 2994 Quando
1280 2929 1450 3000 igitur
1488 2931 1649 2985 vallis
1702 2931 1863 3000 (caro
1912 2932 2151 2996 scilicet,
2187 2943 2283 2988 aut

697 3020 880 3074 anima
919 3035 1134 3085 eorum,
1188 3021 1305 3090 qui,
1341 3029 1402 3075 ut
1440 3021 1724 3085 dicebam,
1762 3030 2098 3090 paraverunt
2136 3022 2278 3075 viam

698 3111 947 3175 Domini,
989 3121 1278 3182 rectasque
1324 3112 1443 3182 ejus
1490 3113 1716 3166 semitas
1754 3110 2027 3182 fecerunt)
2071 3125 2137 3166 ex
2184 3112 2280 3166 Dei

2393 1915 2731 1980 πλεονεξίας,
2765 1916 2797 1986 ἢ
2834 1914 3144 1977 κολακείας,
3176 1913 3208 1984 ἦ
3254 1912 3766 1982 ἀνθρωπαρεσκίας,
3805 1914 3839 1981 ἢ
3867 1912 3976 1966 ἄλο

2391 2008 2488 2078 λης
2520 2007 2663 2070 τινὸς
2700 2006 2887 2060 ἕνεκεν
2929 2005 3130 2067 αἰτίας,
3180 2003 3304 2072 δίχα
3332 2003 3433 2073 τῆς
3467 2001 3618 2065 θείας
3661 2001 3975 2072 εὐαρεστή-

2391 2118 2530 2163 σεως
2556 2100 2683 2163 τοὺς
2712 2097 2988 2160 τοιούτους
3021 2094 3330 2165 ἐπιτηδεύει
3359 2094 3615 2165 τρόπους,
3661 2086 3822 2156 οὗτος
3859 2093 3975 2145 οὐκ

2389 2193 2647 2265 ἐποίησεν
2686 2191 2904 2254 εὐθείας
2949 2192 3044 2254 τὰς
3079 2187 3301 2259 τρίϐους
3338 2185 3433 2238 τοῦ
3492 2183 3663 2238 Θεοῦ·
3721 2184 3817 2238 καὶ
3870 2183 3977 2236 τὸν

2391 2285 2491 2355 μὲν
2523 2285 2623 2354 τῆς
2673 2280 2990 2352 ἐτοιμασίας
3018 2279 3114 2347 τῆς
3143 2276 3264 2331 ὀδοῦ
3315 2276 3474 2328 πόνον
3512 2276 3821 2344 ὑπέμεινεν,
3869 2274 3976 2324 τὸν

2386 2379 2443 2432 δὲ
2487 2377 2622 2429 Θεὸν
2666 2377 2766 2428 οὐκ
2820 2373 2947 2442 ἔσχε
2995 2375 3116 2434 ταῖς
3171 2367 3335 2423 αὐτοῦ
3385 2368 3593 2436 τρίϐοις
3649 2369 3976 2435 ἐμπεριπα-

2387 2487 2450 2522 το
2466 2487 2606 2522 ιντα.

2459 2655 2560 2717 νγ’.
2605 2645 2781 2702 Πᾶσα
2818 2643 3051 2715 φάραγξ
3105 2637 3561 2708 πληρωθήσεται
3589 2651 3601 2662 ·
3639 2635 3738 2704 οὐχ
3777 2631 3977 2694 ἁπλῶς

2388 2743 2560 2804 πᾶσα,
2588 2740 2708 2793 οὐδὲ
2749 2739 3002 2791 πάντων·
3045 2732 3171 2787 οὐτε
3219 2731 3328 2801 γὰρ
3363 2730 3470 2784 τῶν
3523 2727 3599 2799 μὴ
3634 2724 3977 2794 ἐτοιμασάνο

2385 2851 2495 2886 των
2522 2833 2621 2903 τὴν
2651 2832 2769 2885 ὁδὸν
2811 2828 2907 2881 τοῦ
2951 2825 3178 2896 Κυρίου,
3214 2825 3308 2876 καὶ
3355 2821 3571 2883 εὐθείας
3615 2815 3979 2887 ποιησάντων

2385 2926 2485 2988 τὰς
2527 2923 2749 2994 τρίϐους
2801 2920 2986 2976 αὐτοῦ.
3027 2917 3296 2986 Ὀπηνίκα
3351 2909 3444 2967 οὖν
3495 2910 3738 2983 φάραγξ,
3796 2910 3980 2978 ἢγουν

2388 3015 2525 3086 σάρξ
2552 3015 2584 3086 ἢ
2613 3014 2780 3085 ψυχὴ,
2809 3013 2914 3065 τῶν
2943 3009 3378 3079 ὲτοιμασάντων,
3416 3005 3491 3067 ὡς
3519 2999 3695 3067 εἷπον,
3720 3000 3825 3070 τὴν
3847 2998 3980 3051 ὁδον

2384 3108 2480 3162 τοῦ
2516 3109 2743 3179 Κυρίου,
2792 3105 2886 3158 καὶ
2936 3102 3152 3163 εὐθείας
3205 3099 3555 3168 ποιησάντων
3607 3096 3708 3156 τὰς
3734 3091 3977 3163 τρίϐους

700 3202 864 3257 Verbi
913 3203 966 3256 in
1015 3204 1097 3257 eis
1140 3219 1236 3273 per
1283 3203 1538 3257 mandata
1587 3203 1920 3256 ambulantis
1967 3204 2277 3271 praesentia,

2387 3203 2575 3266 αὐτοῦ,
2601 3201 2690 3256 διὰ
2724 3202 2823 3270 τῆς
2861 3199 2953 3252 τοῦ
2986 3196 3416 3266 περιπατοῦντος
3448 3195 3504 3245 ἐν
3528 3192 3716 3253 αὐτοῖς
3737 3188 3831 3242 διά
3855 3188 3980 3240 τῶν

698 3306 825 3344 cum
870 3292 1130 3356 scientia,
1165 3301 1281 3346 tum
1327 3292 1531 3346 virtute
1576 3292 1800 3360 impleta
1849 3290 2049 3355 fuerit,
2085 3306 2280 3346 omnes

700 3383 820 3436 falsi
856 3383 1096 3444 nominis
1129 3384 1400 3447 scientiaa,
1436 3399 1501 3437 ac
1544 3383 1770 3452 spiritus
1802 3383 2061 3452 nequitiae
2092 3383 2280 3451 depri-

699 3483 948 3536 muntur,
975 3473 1218 3530 calcante
1249 3489 1344 3528 eos
1373 3473 1554 3529 Verbo
1583 3489 1646 3527 ac
1677 3473 2024 3543 subjiciente,
2056 3473 2282 3542 nequis-

699 3565 1005 3635 simamque
1053 3548 1380 3634 potestatem
1436 3565 1703 3618 adversus
1754 3563 2054 3618 humanum
2109 3579 2282 3632 genus

698 3672 821 3712 sese
870 3656 1252 3719 extollentem,
1299 3656 1652 3720 destruente,
1697 3671 1760 3710 ac
1807 3656 1959 3710 velut
2010 3655 2279 3709 montium

699 3749 1036 3818 colliumque
1063 3749 1359 3819 superbam
1391 3748 1590 3803 molem
1623 3749 1940 3819 celsumque
1971 3748 2129 3821 547
2160 3765 2278 3803 ver-

701 3847 862 3901 ticem
883 3844 1200 3912 eﬂ'odiente,
1220 3854 1385 3914 atque
1407 3843 1641 3899 vallibus
1661 3843 1942 3913 aaquandis
1963 3843 2276 3915 «lejiciente.

621 3984 623 3986 .
698 3937 856 4004 Quod
908 3936 1055 3991 enim
1107 3935 1144 3990 ii
1192 3936 1454 4000 allectus,
1497 3935 1591 4005 qui
1640 3951 1669 3990 a
1715 3945 1925 3991 natura:
1973 3936 2281 3990 rationibus

700 4029 1024 4094 abhorrent,
1055 4027 1417 4098 abjiciantur;
1459 4042 1524 4082 ac
1559 4045 1680 4098 qua:
1718 4045 1786 4083 ex
1824 4031 1941 4100 ejus
1977 4031 2281 4086 rationibus

699 4129 850 4186 sunt,
872 4120 1105 4175 virtutes
1138 4121 1418 4182 accedant,
1435 4120 1624 4175 anima
1648 4123 1804 4176 vallis
1829 4123 2002 4177 instar
2022 4123 2281 4192 depressa

699 4213 1058 4282 adimpletur,
1082 4212 1465 4282 montiumque
1499 4214 1794 4284 supercilio
1826 4214 1966 4269 elata
2002 4215 2277 4284 nequissi-

700 4320 914 4361 morum
928 4303 1227 4374 spirituum
1247 4306 1510 4374 potentia,
1525 4306 2276 4376 deprimiturachumiliatur.

768 4394 857 4448 54.
880 4393 1096 4463 Aspera:
1122 4393 1264 4465 (quae
1294 4393 1496 4449 invitos
1521 4403 1719 4465 petunt
1741 4394 1996 4450 violentae
2027 4394 2282 4450 tentatio-

700 4482 820 4555 nes)
852 4491 1007 4536 erunt
1030 4485 1086 4536 in
1112 4484 1225 4538 vias
1250 4482 1443 4554 planas
1465 4486 1539 4552 ⁶⁰;
1569 4495 1700 4540 tunc
1727 4487 1985 4551 maxime,
2010 4503 2135 4541 cum
2161 4489 2278 4543 ani-

699 4590 824 4629 mus
849 4573 1094 4645 gaudens
1118 4583 1174 4628 et
1194 4575 1384 4630 laetans
1413 4576 1467 4630 in
1493 4575 1908 4632 inﬁrmitatibus
1936 4589 1991 4633 et
2015 4581 2279 4636 {erumnis

698 4675 755 4722 et
798 4666 1221 4721 necessitatibus
1261 4667 1366 4723 sibi
1404 4669 1702 4737 placuerit;
1742 4670 1835 4740 qui
1878 4671 2140 4725 nimirum
2181 4688 2281 4742 per

700 4755 1102 4812 involuntarios
1133 4757 1379 4825 labores,
1413 4761 1850 4815 voluntariorum
1887 4761 2181 4817 aﬂ'ectuum
2215 4778 2280 4818 ac

700 4846 996 4900 libidinum
1030 4861 1248 4902 omnem
1283 4865 1313 4903 a
1343 4865 1409 4905 se
1443 4852 1746 4921 potentiam
1783 4851 2020 4907 auferat.
2054 4855 2280 4910 Vocavit

698 4938 847 4992 enim
875 4954 1089 5008 asperas
1119 4939 1196 5009 (id
1221 4949 1324 5005 est,
1349 4941 1487 5011 vias)
1516 4957 1609 4997 eas
1635 4944 1970 5000 tentaliones
1994 4961 2114 5014 qua:
2145 4947 2284 5001 invi-

703 5027 772 5081 tis
803 5027 1079 5093 accidunt,
1108 5028 1275 5100 inque
1308 5030 1426 5085 vias
1457 5032 1670 5101 planas.
1702 5035 1906 5105 gratias
1941 5036 2153 5107 agendo
2184 5055 2282 5108 per

701 5119 1040 5190 patientiam.
1067 5130 1368 5178 mutantur.

769 5211 859 5266 55.
889 5210 992 5278 Qui
1031 5228 1172 5270 vera:
1209 5215 1333 5271 vitae
1369 5215 1650 5273 desiderio
1691 5226 1933 5286 tenetur,
1961 5213 2129 5291 quem
2170 5237 2281 5279 non

698 5301 865 5357 lateat
901 5303 1145 5360 laborem
1188 5322 1429 5372 omnem,
1461 5308 1578 5363 sive
1623 5309 1670 5365 is
1705 5319 1900 5380 sponte
1938 5321 2274 5382 assumptus,

701 5392 816 5448 sive
847 5393 1126 5452 immissus
1152 5398 1224 5453 sit
1245 5406 1408 5469 atque
1435 5400 1709 5466 incussus,
1730 5402 2031 5473 voluptatis
2061 5419 2125 5459 ac
2152 5404 2277 5458 libi-

701 5483 871 5549 dinis,
907 5502 1028 5555 quae
1075 5489 1274 5544 mortis
1313 5505 1530 5560 parens.
1553 5480 1801 5558 exsistat,
1835 5504 2068 5550 mortem
2105 5494 2272 5563 ellici;

2385 3295 2617 3351 ἐντολῶν
2643 3292 2779 3345 Θεοῦ
2829 3292 3003 3360 Λόγου
3049 3290 3371 3359 παρουσίας.
3406 3281 3670 3354 πληρωθῇ
3703 3279 3979 3348 γνώσεώς

2383 3411 2443 3446 τε
2471 3391 2564 3445 καὶ
2589 3389 2810 3460 ἀρετῆς,
2843 3385 3022 3438 πάντα
3056 3385 3122 3435 τά
3154 3381 3251 3450 τῆς
3291 3377 3647 3448 ψευδωνύμου
3701 3373 3978 3441 γνώσεως

2385 3483 2479 3535 καὶ
2537 3478 2737 3540 κακίας
2778 3476 2846 3529 τά
2898 3473 3189 3542 πνεύματα
3240 3465 3620 3527 ταπεινοῦται,
3656 3461 3980 3522 πατοῦντες

2385 3571 2524 3626 αὐτά
2550 3569 2647 3623 τοῦ
2688 3569 2864 3635 Λόγου
2916 3565 3012 3618 καὶ
3049 3564 3461 3621 ὑποτάττοντος,
3504 3556 3598 3609 καὶ
3627 3555 3690 3608 τὸ
3733 3552 3981 3622 ἐπαιρό-

2388 3681 2549 3734 μενον
2581 3659 2726 3714 κατά
2771 3659 2868 3728 τῆς
2905 3654 3250 3732 ἀνθρωπίνης
3286 3651 3524 3718 φύσεως,
3556 3644 3805 3716 πονηρὸν
3838 3643 3982 3712 κρά·

2383 3772 2473 3818 τος
2513 3751 2966 3811 καταϐάλλοντος,
2998 3748 3092 3800 καὶ
3127 3739 3238 3797 οἷον
3267 3740 3326 3794 τὸ
3359 3739 3592 3810 μέγεθος
3619 3737 3719 3790 καὶ
3745 3736 3813 3788 τὸ
3837 3734 3981 3802 ὕψος

2383 3848 2493 3902 τῶν
2519 3845 2694 3918 ὀρέων
2734 3839 2958 3896 καὶτῶν
2985 3835 3190 3909 βουνῶν
3221 3833 3730 3891 κατασκάπτοντοςο
3767 3827 3866 3879 καὶ
3893 3826 3983 3887 είς

2385 3940 2482 4009 τὴν
2508 3938 2620 3991 τῶν
2655 3934 2955 4005 φαράγγων
2994 3929 3220 3996 ἀγοντος
3254 3927 3557 3994 πλήρωσιν.
3597 3919 3664 3972 Ἡ
3695 3918 3812 4009 γὰρ
3862 3918 3980 4009 τιῖὶν

2386 4005 2538 4104 παρά
2577 4028 2738 4100 φύσιν
2791 4022 3030 4092 ἀποϐολὴ
3066 4017 3272 4082 παθῶν,
3314 4016 3410 4104 και
3443 4015 3476 4082 ὴ
3527 4010 3638 4104 τῶν
3679 4005 3980 4104 κατὰ-φύς

2385 4098 2972 4192 σιν-ἀρε-τῶνέπιϐολὴ,
3004 4111 3105 4182 τὴν
3125 4103 3584 4178 φαραγγωθεῖσαν
3610 4098 3798 4169 ψυχὴν
3832 4100 3977 4150 ἀνα-

2383 4215 2612 4285 πληροῖ,
2665 4210 2758 4263 καὶ
2804 4207 2904 4279 τὴν
2952 4201 3273 4276 ὀρινομένην
3322 4196 3428 4249 τῶν
3479 4193 3738 4262 πονηρῶν
3806 4207 3982 4243 πνευ-

2387 4307 2572 4378 μάτων
2602 4302 2852 4357 ταπεινοῖ
2885 4296 3226 4352 δυναστείαν.

2456 4399 2550 4453 νδ’.
2582 4400 2651 4450 Al
2709 4391 2975 4463 τραχεῖαι
3036 4389 3357 4458 (τουτέστιν,
3415 4386 3477 4438 αι
3520 4381 3628 4434 τῶν
3691 4377 3984 4433 ἀκουσέιιιν

2386 4488 2709 4562 πειρασμῶν
2759 4483 3034 4554 ἐπιφοραὶ)
3099 4481 3343 4534 ἔσονται
3394 4479 3478 4542 είς
3534 4471 3721 4537 όδσὺς
3775 4469 3980 4562 ,ἐειάςι

2383 4560 2512 4637 ὅταν
2547 4579 2782 4650 μάλιστα
2813 4578 3020 4646 χαίρων
3052 4574 3145 4625 καὶ
3181 4567 3607 4639 εὐφραινόμενος
3657 4565 3687 4615 ό
3728 4560 3888 4623 νοῦς,
3923 4561 3982 4610 ἐν

2383 4671 2693 4732 ἀσθενείαις
2711 4668 2906 4738 εὐδοκῇ
2936 4664 3031 4718 καὶ
3055 4660 3264 4730 θλίψεσι
3293 4661 3390 4713 καὶ⁸
3419 4657 3716 4725 ἀνάγκαις,
3738 4653 3838 4706 διά
3865 4651 3982 4702 τῶν

2385 4762 2654 4820 ἀκουσίων
2713 4759 2911 4823 πόνων,
2965 4755 3065 4826 τὴν
3111 4753 3239 4822 ὃλην
3292 4750 3401 4803 τῶν
3447 4745 3720 4801 ἑκουσίων
3782 4742 3983 4796 παθῶν

2386 4849 2790 4922 ἀφαιρούμενος
2839 4842 3179 4900 δυναστείαν.
3225 4839 3500 4912 Τραχείας
3546 4836 3662 4907 γὰρ
3698 4833 3978 4902 κέκληκε,

2383 4945 2482 5007 τὰς
2505 4943 2614 4995 τῶν
2647 4939 2920 4995 ἀκουσίων
2953 4933 3275 5007 πειρασμῶν
3305 4930 3630 5001 συμϐάσεις,
3689 4929 3778 4990 είς
3818 4926 3981 4986 ὁδοὺς

2381 5035 2532 5099 λείας
2564 5034 2653 5087 διὰ
2681 5034 2778 5102 τῆς
2804 5029 2947 5084 κατά
2974 5029 3072 5099 τὴν
3097 5024 3448 5097 εὐχαριστίαν
3479 5018 3771 5091 ὑπομονῆς
3810 5033 3981 5089 μετα-

2381 5123 2712 5186 πιπτούσας.

2449 5219 2544 5268 νε¹.
2579 5213 2638 5266 ⁸0
2691 5212 2789 5282 τῆς
2840 5208 3098 5280 ἀληθινῆς
3129 5207 3417 5277 ἐφιέμενος
3447 5202 3614 5272 ζωῆς,
3667 5199 3847 5269 γνοὺς
3894 5199 3978 5252 δτι

2379 5308 2491 5370 πᾶς
2520 5304 2706 5367 πόνος,
2729 5303 2837 5356 εἴτε
2863 5301 3126 5363 ἐκούσιος,
3159 5300 3267 5352 εἴτε
3296 5296 3574 5358 ἀκούσιος,
3602 5292 3707 5362 τῆς
3739 5291 3846 5345 τοῦ
3880 5291 3978 5344 θα-

2385 5399 2548 5453 νάτου
2577 5396 2781 5469 μητρὸς
2804 5394 2999 5465 ἡδονῆς
3030 5392 3202 5465 [Regii
3235 5390 3339 5444 duo
3364 5385 3586 5459 ὀδύνης]
3615 5384 3850 5453 γίνεται
3875 5383 3975 5437 θά-

2385 5507 2564 5554 νατος,
2599 5489 2780 5550 πάσας
2811 5486 2912 5549 τάς
2957 5483 3218 5558 τραχείας
3243 5485 3259 5502 ⁶
3307 5479 3417 5534 τῶν
3450 5476 3737 5533 ἀκουσίων
3771 5492 3978 5548 πειρα-

773 5619 816 5646 δθ
846 5616 982 5674 Gen.
1020 5634 1151 5686 xxu,
1188 5621 1211 5674 l
1247 5637 1402 5691 seqq.
1481 5621 1525 5653 "’
1557 5621 1580 5676 Ι
1611 5621 1804 5677 Thess.
1840 5638 1898 5687 ιι,
1932 5621 1982 5676 5.
2062 5623 2105 5655 ⁸⁸
2134 5622 2236 5678 lsa.
2269 5637 2283 5676 ι

2387 5620 2433 5674 5.
2514 5620 2559 5653 ⁵⁸
2595 5617 2732 5674 ibid.
2763 5617 2832 5684 4;
2862 5615 2997 5682 Luc.
3035 5629 3114 5679 nt,
3145 5611 3197 5668 5.
3275 5611 3322 5642 "
3353 5605 3488 5664 ibid.

774 5755 788 5766 '
824 5750 958 5810 .llale
995 5756 1154 5819 edita,
1194 5758 1379 5827 χρείας
1410 5774 1511 5812 nec
1542 5757 1682 5812 bene
1717 5758 1897 5822 Picus,
1935 5757 2107 5811 utiles.
