4192 6436
215 410 340 475 1241

878 410 1214 471 CAPITUM
1251 409 1675 483 QUINQUIES
1711 409 2233 473 CENTENORUM
2269 411 2659 473 CENTURIA
2696 411 2776 471 II.

3337 410 3473 477 1242

209 522 361 592 σμῶν
397 518 687 590 ἐπιφορὰς,
720 518 933 583 δέξεται
984 520 1107 589 μετ’
1159 519 1503 589 εὐφροσύνης
1534 520 1778 590 χαίρων·

1890 533 2113 587 asperas
2156 533 2379 582 omnes,
2423 519 2789 573 tentationum
2837 517 3040 574 invitos
3081 518 3471 589 excipientium

205 614 291 668 διὰ
330 612 431 681 τῆς
455 612 755 681 ὑπομονῆς,
784 610 941 673 ὀδοὺς
967 612 1231 680 εὐμαρεῖς
1275 628 1333 664 τε
1364 611 1459 665 καὶ
1484 611 1653 674 λείας,
1685 610 1786 673 τὰς

205 700 414 771 θλίψεις
446 700 792 770 ποιούμενος.
849 700 957 777 καὶ,
979 700 1117 768 πρὸς
1157 700 1219 753 τὸ
1252 700 1507 772 βραϐεῖον
1536 700 1636 771 τῆς
1670 700 1786 755 ἄνω

204 793 456 863 κλήσεως
488 790 747 854 ἀπλανῶς
778 792 1260 862 παραπεμπούσας
1306 792 1492 855 αὑτὸν,
1542 792 1788 857 εὐσεϐῶς

204 886 265 936 ὲν
315 883 510 946 αὑταῖς
560 882 657 937 τὸν
688 883 828 937 θεῖον
866 883 1067 954 δρόμον
1118 884 1463 954 ποιούμενον.
1513 884 1623 938 Καὶ
1655 884 1785 954 γὰρ,

203 973 300 1027 τοῦ
332 973 431 1043 μὲν
466 972 700 1027 θανάτου
752 974 937 1045 μήτηρ
967 974 1117 1028 ἐστὶν
1144 976 1177 1045 ή
1209 974 1369 1046 ήδονή
1396 991 1409 1005 ⁸
1455 975 1557 1043 τῆς
1590 975 1788 1045 ἡδονῆς

198 1065 261 1119 δὲ
298 1065 528 1128 θάνατός
554 1066 724 1130 ἐστιν,
749 1068 778 1120 ὁ
813 1066 973 1131 πόνος
998 1082 1011 1094 ⁸
1047 1067 1077 1120 ὃ
1109 1084 1167 1120 τε
1196 1068 1601 1139 προαιρετικὸς,
1635 1068 1730 1121 καὶ
1758 1068 1787 1120 ὀ

204 1159 361 1230 παρὰ
392 1158 739 1231 προαίρεσιν.

278 1341 388 1399 νς¹.
420 1336 535 1400 Πᾶς
564 1336 851 1409 τοιγαροῦν
882 1339 912 1391 ὁ
954 1337 1055 1409 τὴν
1082 1336 1436 1392 πολυέλικτόν
1461 1354 1521 1390 τε
1556 1336 1653 1391 καὶ
1686 1355 1787 1391 πο-

203 1424 477 1480 λύπλοκον
534 1428 748 1498 ήδονῆν,
806 1429 902 1482 καὶ⁵
950 1430 1119 1482 πᾶσιν
1164 1427 1301 1497 ὁμοῦ
1347 1430 1460 1492 τοῖς
1508 1427 1788 1498 αἰσθητοῖς

205 1516 570 1587 πολυτρόπως
611 1517 1114 1589 συμπεπλεγμένην
1143 1521 1210 1589 τῇ
1255 1518 1555 1589 ἐγκρατείᾳ
1605 1518 1788 1572 διαλύ-

204 1625 329 1673 σας,
355 1608 424 1663 τὰ
449 1608 638 1662 σκολιὰ
682 1611 764 1673 είς
806 1608 1025 1672 εὐθείας
1052 1610 1279 1679 εποίησε
1302 1627 1312 1637 ·
1366 1611 1460 1662 καὶ
1483 1611 1511 1663 ὁ
1530 1610 1627 1679 τὴν
1660 1609 1789 1662 δύσ-

200 1698 367 1753 δατον
398 1701 493 1754 καὶ
526 1702 800 1771 τραχεῖαν
843 1700 953 1754 τῶν
1001 1702 1183 1755 πόνων
1233 1702 1501 1773 ἐπιφορὰν
1545 1702 1615 1755 δι’
1658 1700 1790 1755 ὑπο-

204 1790 377 1859 μονῆς
425 1791 698 1861 πατήσας,
745 1792 846 1855 τὰς
889 1793 1153 1863 τραχείας
1200 1792 1461 1861 εποίησεν
1512 1793 1595 1856 είς
1633 1792 1787 1857 ὁδοὺς

398 1857 569 1935 Ὅθεν*
593 1880 784 1953 ῶσπερ
838 1857 1071 1938 ἔπαθλον
1104 1885 1305 1955 ἀρετῆς
1337 1857 1430 1939 καὶ
1482 1883 1591 1937 τῶν
1643 1882 1784 1955 ὑπὲρ
1816 1857 1859 1917 Β

196 1971 375 2041 αὐτῆς
401 1970 688 2041 καμάτων,
710 1966 801 2026 οἷα
827 1972 1007 2035 καλῶς
1032 1990 1091 2025 τε
1120 1973 1215 2026 καὶ
1240 1973 1489 2044 νομίμως
1514 1971 1778 2043 ἀθλήσας,

197 2062 301 2115 καὶ
357 2063 456 2132 τὴν
493 2062 685 2135 ἡδονὴν
714 2064 951 2134 νικήσας
987 2062 1065 2134 τῷ
1116 2063 1269 2134 πόθῳ
1296 2064 1395 2133 τῆς
1424 2064 1645 2135 ἀρετῆς,
1690 2065 1782 2117 καὶ

192 2151 299 2225 τὴν
329 2153 523 2222 ὀδύνην
555 2156 807 2226 πατήσας
841 2155 920 2225 τῷ
958 2158 1055 2225 τῆς
1086 2154 1343 2224 γνώσεως
1372 2154 1555 2226 ἔρωτι,
1589 2157 1683 2208 καὶ
1711 2155 1780 2209 δι’

194 2246 527 2317 ἀμφοτέρων
558 2248 824 2316 γενναίως
852 2248 980 2311 τοὺς
1010 2248 1186 2311 θείους
1225 2248 1509 2315 διενέγκας
1539 2247 1776 2317 ἀγῶνας,

198 2336 468 2404 "Od-stat,
508 2337 649 2391 κατὰ
688 2338 749 2392 τὸ
790 2338 1200 2409 γεγραμμένον.
1235 2337 1303 2391 τὸ
1346 2339 1645 2408 σωτήριον
1672 2338 1780 2393 τοῦ

195 2428 371 2483 Θεοῦ.

267 2601 366 2668 νζ.
403 2603 462 2657 '0
490 2604 589 2675 τὴν
617 2605 820 2676 ἀρετὴν
850 2607 1101 2675 ἀγαπῶν,
1132 2608 1230 2679 τὴν
1260 2608 1368 2660 τῶν
1396 2606 1600 2679 ἡδονῶν
1624 2608 1779 2659 ἐκου-

192 2696 329 2759 σιως
358 2696 724 2767 ἀπομαραίνει
755 2699 987 2769 κάμινον
1011 2716 1024 2729 ·
1058 2701 1086 2753 6
1112 2699 1168 2752 δὲ
1197 2701 1262 2769 τῇ
1295 2698 1491 2767 γνώσει
1518 2698 1619 2768 τῆς
1644 2698 1778 2769 άλη-

196 2787 352 2850 θείας
383 2790 769 2857 πεποιωμένος
801 2794 816 2812 ’⁸
846 2790 938 2843 τὸν
972 2790 1120 2853 νοῦν,
1148 2788 1428 2854 ἀκουσίοις
1458 2790 1559 2842 οὐκ
1584 2790 1775 2859 ἐπέχε-

190 2898 286 2935 ται
316 2880 521 2943 πόνοις,
553 2882 655 2950 τῆς
685 2882 825 2935 κατὰ
858 2883 958 2951 τὴν
998 2881 1184 2946 ἔφεσιν
1225 2882 1361 2952 πρὸς
1386 2881 1477 2935 τὸν
1507 2880 1640 2934 Θεὸν
1681 2899 1776 2950 φε-

193 2973 399 3047 ρούσης
436 2973 796 3044 ἀεικινησίας.

266 3064 370 3137 νῆ’.
408 3066 467 3121 '0
518 3067 590 3121 τὰ
646 3067 838 3122 σκολιὰ
876 3066 987 3120 τῶν
1044 3066 1310 3120 ἑκουσίων
1350 3065 1561 3129 παθῶν,
1606 3066 1775 3137 ῆγουν

191 3158 297 3229 τῆς
329 3159 526 3231 ἡδονῆς
569 3159 638 3213 τὰ
682 3161 961 3230 κινήματα
990 3159 1078 3212 διὰ
1124 3160 1221 3230 τῆς
1250 3159 1577 3230 ἐγκρατείας
1612 3158 1770 3211 εὐθύ-

190 3269 315 3316 νας,
349 3252 446 3304 καὶ⁹
493 3250 593 3313 τὰς
634 3250 917 3321 τραχείας,
964 3250 1076 3303 τῶν
1131 3250 1405 3305 ἀκουσίων
1450 3250 1774 3322 πειρασμῶν

194 3344 508 3413 συμφοράς,
560 3342 730 3412 ῆγουν
772 3344 899 3404 τοὺς
930 3342 1168 3412 τρόπους
1198 3341 1298 3409 τῆς
1328 3340 1522 3410 ὀδύνης
1558 3342 1646 3394 διὰ
1676 3344 1776 3413 τῆς

191 3433 478 3503 ὑπομονῆς
501 3434 789 3502 ὁμαλίσας,
823 3433 919 3485 καὶ
944 3436 1021 3495 εἰς
1045 3432 1199 3493 ὁδοὺς
1224 3432 1371 3495 λείας
1402 3435 1769 3505 καταστήσας·

188 3528 222 3578 ὀ
254 3525 498 3587 τοιοῦτος
523 3527 747 3588 είκῦτως
781 3526 991 3593 ὄψεται
1019 3525 1086 3578 τὸ
1122 3524 1422 3593 σωτήριον
1448 3526 1555 3579 τοῦ
1598 3525 1769 3590 Θεοῦ,

190 3615 435 3686 καθαρὸς
460 3618 525 3686 τῇ
554 3615 752 3686 καρδία
783 3617 1096 3685 γενόμενος·
1140 3614 1261 3667 καθ’
1301 3616 1367 3685 ἢν
1400 3615 1487 3667 διὰ
1512 3616 1621 3669 τῶν
1652 3616 1774 3687 ἁρε-

190 3707 305 3760 τῶν
355 3708 450 3759 καὶ
500 3707 610 3759 τῶν
637 3706 879 3759 εὐσεϐῶν
914 3706 1313 3776 θεωρημάτων,
1350 3707 1453 3777 ὁρᾷ
1499 3706 1592 3759 τὸν
1640 3706 1772 3760 Θεὸν

189 3801 289 3852 ἐπὶ
317 3799 462 3852 τέλει
493 3800 601 3852 τῶν
630 3798 829 3865 ἄθλων,
862 3797 1006 3851 κατὰ
1046 3798 1129 3863 τὸ,
1158 3796 1455 3867 Μακάριοι
1489 3800 1545 3851 οι
1589 3801 1761 3852 καθα-

182 3892 287 3961 ροὶ
323 3891 397 3960 τῇ
436 3891 669 3960 καρδίᾳ,
698 3891 787 3944 ὅτι
817 3890 985 3945 αὐτοὶ
1012 3889 1119 3943 τὸν
1156 3891 1306 3944 Θεὸν
1340 3891 1622 3958 ὄψονται·
1662 3891 1771 3943 τῶν

190 3983 337 4054 ὑπὲρ
367 3984 567 4053 ἀρετῆς
600 3984 799 4047 πόνων,
832 3984 933 4051 τῆς
982 3981 1253 4045 ἀπαθείας
1300 3982 1400 4051 τὴν
1430 3982 1591 4053 χάριν
1623 3984 1770 4035 ἀντι-

187 4075 396 4139 λαϐὼν,
430 4071 498 4146 ῆς
557 4075 710 4128 οὐδὲν
760 4074 924 4127 πλέον
965 4073 1059 4127 τὸν
1115 4074 1250 4127 Θεὸν
1306 4076 1599 4143 ἐμφανίζει
1658 4077 1770 4137 τοῖς

189 4170 404 4241 έχουσι.

263 4261 363 4315 νθ’.
392 4261 646 4323 Δάκκους
673 4259 832 4312 καλεῖ
856 4260 889 4330 ὴ
920 4258 1113 4331 Γραφὴ
1146 4256 1230 4329 (ἱ),
1255 4256 1353 4321 τὰς
1380 4257 1636 4322 δεκτικὰς
1662 4257 1770 4311 τῶν

188 4353 461 4424 οὐρανίων
487 4352 843 4423 χαρισμάτων
873 4351 973 4420 τῆς
1013 4352 1176 4417 ἁγίας
1204 4349 1461 4418 γνώσεως
1517 4350 1768 4422 καρδίας,

188 4445 611 4514 λατομουμένας
655 4428 735 4514 τῷ
772 4443 986 4515 στερρῷ
1044 4443 1188 4513 λόγῳ
1236 4444 1346 4496 τῶν
1392 4444 1645 4509 ὲντολῶν,
1676 4445 1771 4498 καὶ

1890 610 2314 679 impressiones,
2353 625 2479 663 cum
2524 611 2713 664 laetitia
2761 612 3005 681 gaudens
3046 612 3339 681 suscipiet,
3379 612 3474 684 qui

1889 702 2101 756 scilicet
2152 705 2269 777 peﬂ
2305 701 2663 771 patientiam,
2710 704 2828 756 vias
2886 703 3078 759 faciles
3134 703 3473 775 planasque,

1888 806 2161 846 erumnas
2206 791 2433 856 efficiat,
2476 808 2542 847 ac
2589 808 2711 863 qua:
2760 794 2827 847 ad
2874 809 3128 863 supernae
3169 797 3477 853 vocationis

1890 884 2125 953 palmam
2148 886 2217 949 θ’,
2252 885 2341 961 pie
2383 886 2436 940 in
2480 886 2563 940 eis
2601 885 2852 939 divinum
2893 886 3184 943 facientem
3224 905 3466 956 cursum,

1891 986 2009 1040 tuto
2043 979 2240 1033 itinere
2276 980 2667 1035 transmittant.
2701 982 2835 1037 Nam
2878 983 3073 1038 mortis
3109 984 3333 1054 quidem
3374 1000 3476 1055 pa—

1890 1084 2038 1132 rens,
2064 1070 2316 1138 voluptas
2347 1077 2433 1123 est
2458 1086 2521 1124 ac
2550 1071 2751 1138 libido;
2781 1073 3085 1143 voluptatis
3114 1083 3296 1147 autem
3325 1090 3476 1130 mors

1889 1176 1953 1215 ac
1980 1160 2245 1224 libidinis,
2265 1161 2441 1225 labor,
2463 1172 2576 1217 tum
2602 1165 2695 1233 qui
2723 1182 2992 1236 prepensa
3019 1169 3301 1221 voluntate
3325 1182 3479 1223 assu-

1890 1252 2079 1315 mitur,
2105 1261 2217 1305 tum
2247 1253 2338 1321 qui
2366 1253 2417 1305 vi
2448 1254 2627 1307 aliena
2662 1255 2916 1311 infertur.

1960 1344 2046 1398 56.
2074 1343 2318 1414 Quisque
2349 1343 2515 1413 igitur
2540 1347 2727 1401 multis
2752 1349 3129 1403 voluminibus
3158 1336 3474 1419 perplexam

1891 1436 2319 1507 implicitamquc
2346 1440 2680 1509 voluptatem
2710 1456 2805 1495 seu
2832 1440 3142 1503 libidinem,
3165 1456 3230 1495 ac
3257 1440 3475 1496 cunctis

1890 1529 2097 1598 pariter
2134 1530 2298 1585 rebus
2333 1548 2455 1600 qua:
2498 1533 2552 1586 in
2599 1549 2821 1588 sensum
2866 1533 3072 1587 cadunt
3116 1532 3473 1588 multifariam

1890 1623 2266 1691 complicatam
2323 1633 2485 1693 atque
2539 1625 2875 1688 bzerentem,
2926 1623 3475 1694 per'continentiam

1889 1712 2169 1777 dissolvit,
2202 1730 2367 1784 prava
2416 1716 2470 1769 in
2512 1716 2629 1771 vias
2668 1725 2848 1771 rectas
2892 1716 3049 1783 fecit;
3093 1717 3297 1787 quique
3335 1716 3475 1773 adeo

1889 1805 2144 1869 arduam,
2177 1820 2535 1874 asperamque
2568 1823 2632 1861 ac
2665 1807 2914 1861 scabram
2950 1808 3201 1862 laborum
3236 1809 3472 1878 impres:

1885 1896 2097 1951 sionem
2128 1914 2224 1966 per
2251 1899 2573 1967 patientiam
2606 1900 2859 1963 calcavit,
2884 1916 3108 1970 asperas
3135 1901 3191 1954 in
3215 1900 3333 1954 vias
3358 1900 3473 1970 pla-

1884 2004 1983 2043 nas
2013 1988 2163 2043 fecit.
2196 1991 2405 2044 Idcirco
2436 1999 2695 2059 tanquam
2728 1992 2950 2046 virtutis
2980 1993 3290 2061 praemium,
3322 1991 3474 2063 ejus-

1872 2096 1989 2151 que
2020 2098 2182 2136 causa
2216 2090 2604 2152 susceptorum
2636 2099 2731 2137 seu
2759 2084 3161 2137 cxantlatorum
3193 2083 3468 2147 laborum,

1880 2172 2033 2225 velut
2075 2174 2169 2240 qui
2220 2174 2322 2227 ritc
2374 2173 2728 2243 legitimeque
2775 2174 3099 2235 certaverit.
3139 2174 3470 2245 virtutisque

1880 2261 2158 2317 desiderio
2201 2264 2536 2333 voluptatem
2592 2281 2657 2319 ac
2703 2265 2990 2318 libidinem
3036 2264 3265 2329 vicerit,
3303 2250 3471 2333 atque

1879 2355 2123 2410 scientiae
2154 2372 2339 2410 amore
2370 2356 2619 2410 dolorem
2650 2357 2978 2420 calcaverit,
3040 2372 3261 2411 necnon
3298 2356 3468 2411 utris-

1878 2462 1986 2516 que
2008 2447 2193 2505 divina
2211 2448 2513 2503 certamina
2536 2456 2763 2503 strenue
2788 2450 3042 2518 gesserit,
3067 2446 3321 2501 Safutare
3345 2446 3465 2513 Dei,

1879 2539 2021 2593 sicut
2050 2539 2318 2609 scriptum
2349 2548 2454 2603 est,
2485 2540 2763 2595 videbit“.

1947 2631 2034 2685 57.
2061 2631 2165 2697 Qui
2190 2630 2453 2686 virtutem
2483 2631 2682 2703 diligit,
2705 2632 3049 2702 voluptatum
3074 2641 3269 2702 sponte
3297 2630 3469 2687 cami-

1879 2737 2009 2775 num
2042 2724 2335 2794 restinguit
2361 2740 2374 2776 :
2402 2724 2498 2792 qui
2523 2739 2655 2779 vero
2677 2724 2925 2779 veritatis
2956 2724 3189 2779 scientia
3220 2709 3462 2779 mentem

1880 2815 2101 2869 imbuit.
2129 2815 2268 2869 nihil
2307 2814 2471 2887 548
2501 2816 2757 2872 violentis
2790 2817 3074 2871 laboribus
3108 2816 3409 2883 inhibetur,
3431 2830 3465 2872 ι
3528 2838 3531 2839 ν

1872 2904 1988 2974 jugi
2015 2905 2069 2958 in
2098 2905 2269 2960 Deum
2300 2906 2619 2976 cupiditatis
2648 2915 2825 2961 motu.

1950 3085 2036 3140 58.
2062 3084 2167 3151 Qui
2204 3100 2373 3155 prava
2406 3083 2843 3140 voluntariorum
2882 3084 3141 3139 affectum
3176 3098 3241 3138 ac
3272 3082 3459 3139 libidi-

1801 3208 1842 3265 ε
1878 3194 2008 3233 num
2061 3178 2281 3248 (nempe
2323 3176 2625 3247 voluptatis
2670 3180 2874 3246 motus)
2919 3192 3018 3246 per
3063 3177 3460 3232 continentiam

1876 3269 2175 3333 direxerit;
2244 3283 2579 3337 asperasque
2647 3269 3015 3323 violentarum
3086 3269 3457 3323 tentationum

1875 3361 2216 3416 calamitates
2255 3361 2482 3429 (doloris
2515 3361 2727 3415 scilicet
2762 3362 2974 3429 modos)
3011 3376 3108 3430 per
3138 3360 3460 3430 patientiam

1872 3452 2192 3520 aequaverit.
2223 3462 2279 3506 et
2323 3452 2378 3505 in
2420 3451 2539 3505 vias
2576 3452 2767 3520 planas
2805 3452 3028 3517 fecerit;
3075 3453 3197 3507 talis
3239 3454 3457 3518 merito,

1873 3543 1966 3613 qui
2003 3542 2208 3596 mundo
2241 3542 2409 3596 corde
2442 3543 2671 3596 effectus
2703 3542 2807 3607 sit,
2829 3543 3082 3598 Safutare
3110 3544 3210 3597 Dei
3239 3544 3460 3611 uidebit;

1872 3649 1982 3703 quo
2017 3632 2245 3703 (mundo
2274 3633 2458 3703 corde)
2496 3650 2592 3703 per
2620 3636 2851 3689 virtutes
2887 3652 2950 3689 ac
2984 3636 3103 3705 pias
3137 3636 3461 3691 considera-

1874 3725 2071 3789 tioncs,
2094 3725 2267 3779 Deum
2294 3725 2444 3778 videt
2469 3726 2520 3778 in
2551 3724 2657 3780 fine
2688 3716 3245 3797 certaminumjuxta
3276 3725 3412 3783 illud
3444 3744 3458 3781 :

1871 3816 2025 3871 Beati
2059 3817 2255 3871 mundo
2284 3818 2466 3879 corde,
2499 3820 2754 3888 quoniam
2787 3820 2888 3890 ipsi
2919 3819 3085 3873 Deum
3116 3818 3360 3873 videbunt
3385 3818 3461 3886 ⁶³;

1873 3925 1974 3979 pro
2009 3908 2294 3963 laboribus
2324 3909 2527 3979 quibus
2556 3909 2777 3965 virtutis
2808 3926 2972 3965 causa
3005 3910 3326 3980 perfunctus
3358 3920 3461 3975 est,

1872 4000 2381 4069 iinperturhationis
2417 4016 2618 4056 munus
2644 4012 3007 4067 consecutus;
3036 4017 3144 4071 qua
3174 4000 3315 4056 nihil
3345 4016 3465 4055 ma-

1872 4098 1951 4168 gis
1977 4098 2147 4152 Deum
2172 4097 2507 4161 manifestat,
2535 4098 2622 4164 iis,
2646 4098 2739 4169 qui
2766 4099 2858 4153 illa
2882 4097 3093 4168 praediti
3121 4097 3251 4151 sint.

1942 4272 2030 4327 b9.
2067 4272 2346 4329 Cisternas
2385 4282 2543 4327 vocat
2584 4273 2900 4343 Scriptura,
2937 4273 3123 4328 corda
3152 4269 3461 4327 caelestium

1872 4374 2075 4419 sancta:
2110 4365 2354 4419 scientiae
2387 4365 2657 4418 donorum
2694 4365 2947 4434 capacia,
2973 4363 3139 4419 solito
3175 4354 3462 4417 mandato-

1874 4471 1996 4509 rum
2019 4469 2273 4508 sermone
2300 4456 2503 4517 excisa,
2525 4456 2785 4524 velutque
2809 4455 3039 4509 callosas
3065 4452 3317 4511 durities.
3336 4466 3463 4520 pro-

192 4536 639 4608 ἀποῦαλλομένας
670 4536 925 4606 καθάπερ
954 4535 1298 4608 πωρὼματα,
1327 4538 1427 4607 τήν
1450 4553 1509 4589 τε
1540 4537 1676 4608 πρὸς
1703 4537 1771 4591 τὰ

1877 4547 2155 4601 cliviorem
2188 4546 2244 4600 in
2274 4547 2401 4599 vitia
2431 4546 2772 4616 afiectusque
2806 4548 3091 4601 libidinem
3126 4543 3461 4613 respuentia,

190 4628 342 4700 πάθη
370 4630 705 4701 φιληδονίαν,
740 4631 837 4683 καὶ
865 4631 965 4698 τὴν
995 4629 1131 4699 πρὸς
1154 4628 1223 4681 τὰ
1248 4630 1489 4697 αἰσθητὰ
1518 4629 1617 4699 τῆς
1666 4629 1770 4699 φύ-

192 4740 335 4786 σεως
367 4722 572 4793 σχέσιν,
605 4724 700 4777 καὶ
722 4722 1111 4793 πληρουμένας
1141 4721 1242 4791 τῆς
1269 4720 1478 4774 ἄνωθεν
1532 4721 1775 4792 φερομέ-

189 4832 292 4885 νης
360 4814 633 4883 ρυπτικῆς
694 4831 754 4867 τε
808 4812 920 4868 τῶν
952 4812 1164 4874 παθῶν,
1220 4812 1316 4865 καὶ¹
1373 4810 1776 4883 ζωοποιητικῆς

188 4905 290 4959 καὶ
317 4902 429 4958 οἷον
464 4904 770 4975 θρεπτικῆς
819 4904 929 4956 τῶν
972 4902 1185 4972 ἀρετῶν
1219 4902 1277 4953 ὲν
1310 4900 1604 4971 πνεύματι,
1641 4899 1777 4968 γνώ-

188 5014 354 5061 σεως.

262 5137 307 5168 ⁸⁸
338 5133 575 5203 Philipp.
605 5148 684 5197 ιιι,
719 5131 806 5185 ﬂ.
881 5130 925 5161 “
956 5130 1059 5185 lsa.
1091 5146 1177 5195 ιιι,
1212 5130 1267 5185 5.
1344 5129 1391 5161 ⁸³
1414 5129 1605 5185 Matth.
1634 5146 1688 5197 ν,
1715 5132 1770 5187 5.

262 5276 281 5294 ⁸
305 5272 441 5328 Male
462 5270 610 5327 edita
630 5285 895 5339 πεποιημ.

268 5390 331 5464 (ἱ)
363 5388 643 5464 Atiuqu
668 5383 841 5441 καλεῖ
870 5385 911 5464 ἡ
934 5382 1166 5464 Γραφῇ.
1194 5382 1372 5464 Lacus
1399 5397 1464 5464 ac
1495 5382 1767 5439 cisternas

186 5452 465 5533 expressit
522 5452 830 5533 Scriptura.
887 5453 1264 5533 intellexitque
1304 5452 1610 5518 Maximus;
1647 5470 1766 5533 ⁸ιιειιο

189 5522 340 5589 bene
383 5530 547 5585 Picus
574 5522 758 5595 puteis
782 5524 1035 5580 mutavit.
1090 5524 1296 5595 Puteus
1356 5538 1593 5595 namque
1646 5522 1766 5595 ipse

190 5544 340 5589 bene
384 5544 547 5585 Picus
612 5544 758 5582 mets
782 5544 1035 5580 mutant.
1092 5544 1296 5578 ruteus
1357 5544 1593 5592 namque
1646 5544 1766 5593 Ipse

190 5604 325 5659 fons
350 5608 454 5664 est,
487 5544 731 5673 sedpalta‘
749 5595 1115 5673 scaturigine;
1137 5594 1354 5673 λάκκοι,
1372 5593 1543 5673 lacus
1569 5600 1626 5647 et
1683 5594 1766 5673 ci-

190 5682 418 5735 sternae,
442 5663 564 5725 non
600 5665 733 5723 sunt
759 5663 981 5730 fontes;
1014 5678 1114 5719 nec
1151 5663 1264 5717 ullo
1290 5663 1472 5735 __latice
1521 5672 1766 5735 manant,

190 5742 295 5799 sed
353 5732 688 5817 pluvialibus
730 5736 893 5817 aquis
918 5735 1221 5817 replentur.
1278 5732 1395 5817 Qua
1436 5734 1761 5817 metaphora

192 5804 507 5885 φερομένης
527 5807 733 5866 ἄνωθεν
756 5808 853 5877 τῆς
878 5807 935 5858 ἐν
960 5804 1225 5875 πνεύματι
1254 5804 1528 5871 γνώσεως,
1549 5805 1766 5860 scientia

1875 4646 2194 4708 naturaeque
2244 4637 2299 4692 in
2349 4654 2437 4692 res
2482 4640 2667 4693 sensui
2719 4636 2994 4708 subje'ctas
3044 4636 3391 4690 affectionem
3445 4650 3460 4687 :

1877 4746 1997 4799 qua:
2024 4730 2265 4799 denique
2294 4744 2325 4783 e
2360 4731 2612 4798 supernis
2647 4731 2897 4799 cmloque
2932 4727 3187 4781 veniente
3224 4722 3461 4795 spiritali

1882 4820 2111 4875 scientia
2152 4820 2502 4891 impleantur,
2538 4838 2659 4890 qua:
2696 4821 2988 4876 libidinum
3026 4817 3220 4874 sordes
3251 4816 3459 4880 abluat,

1882 4922 1937 4967 et
1962 4912 2200 4967 vivificet
2225 4922 2388 4982 atque
2418 4913 2529 4967 alat
2552 4913 2806 4967 virtutes.

1867 5384 2105 5451 spiritali
2138 5400 2165 5437 e
2207 5384 2472 5453 supernis,
2510 5398 2538 5453 ε
2586 5381 2715 5437 εωίο
2751 5382 3009 5453 veniente,
3035 5379 3174 5453 __h_as
3218 5380 3448 5453 mystice

1870 5450 2159 5517 cisternas,
2192 5450 2460 5507 Maximus
2475 5452 2552 5507 ait
2577 5452 2817 5521 impleri.
2839 5453 2909 5505 At
2934 5450 3068 5505 nihil
3100 5450 3240 5504 bene
3269 5450 3452 5521 Picus.

1875 5525 2042 5579 Plena
2085 5532 2208 5577 sunt
2254 5522 2493 5593 apiritali
2520 5520 2732 5593 sursum
2772 5523 3025 5575 tendente-
3043 5521 3285 5593 scientia.
3319 5520 3457 5593 Sur-

1872 5611 1993 5650 sum
2035 5594 2262 5648 tendere
2285 5591 2349 5649 et
2377 5593 2567 5658 salire,
2605 5592 2658 5647 id
2682 5593 2908 5664 quidem
2959 5591 3194 5664 fontium
3224 5598 3331 5664 est,
3363 5591 3455 5645 vi-

1870 5679 2178 5733 varumque
2204 5664 2259 5717 in
2290 5666 2372 5718 eis
2401 5660 2715 5733 aquarum,f
2763 5671 2819 5715 at
2864 5677 2972 5716 non
3001 5660 3452 5733 biaximointen-

1876 5744 2013 5797 tum,
2048 5730 2134 5791 vel
2162 5735 2283 5806 ejus
2316 5730 2523 5789 Graecis
2546 5732 2935 5805 signiﬁcatum.
2991 5730 3076 5786 Cf.
3109 5730 3176 5785 ad
3197 5730 3453 5786 'l'halass.

1874 5809 1923 5861 ι).
1957 5807 2045 5885 48.¹
