4192 6436
243 396 383 461 1245

924 403 1260 467 CAPITUM
1302 405 1728 480 QUINQUIES
1767 408 2290 483 CENTENORUM
2327 423 2722 487 CENTURIA
2758 425 2840 485 ΙΙ.

3384 430 3520 495 1246

314 511 421 579 ξςῖ
466 513 581 576 Πᾶς
610 513 734 579 νοῦς
776 516 931 586 ἰσχὺν
962 517 1099 588 πρὸς
1134 519 1370 591 θεωρίαν
1411 520 1574 592 ἔχων,
1611 522 1818 593 ἀληθής

1992 529 2078 585 66.
2131 533 2285 590 Mens
2336 540 2520 593 omnis
2550 539 2603 593 vi
2654 539 2723 594 ad
2776 539 3217 608 speculationem
3273 545 3521 614 pollens,

243 607 360 661 im
395 607 679 679 γεωργὸς,
731 608 953 679 καθαρά
1015 608 1273 675 ζιζανίων
1333 612 1421 665 διὰ
1466 615 1568 683 τῆς
1617 613 1830 677 οἰκείας

239 698 483 768 σπουδῆς
513 700 606 753 καὶ
637 701 959 771 ἐπιμελείας
985 702 1055 755 τὰ
1084 701 1205 756 θεῖα
1236 703 1346 756 τῶν
1378 703 1601 773 ἀγαθῶν
1633 704 1828 772 διαφυ-

238 786 451 842 λάττων
486 794 815 861 σπέρματα,
870 793 1067 863 μέχρις
1123 784 1187 845 οὗ
1244 792 1621 863 συντηροῦσαν
1666 794 1830 847 αὐτὸν

237 880 338 951 ἔχῃ
373 880 473 950 τὴν
511 880 608 934 τοῦ
640 880 776 935 Θεοῦ
813 884 1061 954 μνήμην.
1110 884 1251 955 Φησὶ
1281 884 1425 957 γάρ·
1463 884 1573 939 Kal
1604 882 1682 957 ἦν
1728 888 1830 941 ἐκ·

236 970 429 1039 ζητῶν
462 973 570 1027 τὸν
612 975 837 1043 Κύριον
875 976 947 1029 ἐν
973 975 1095 1043 ταῖς
1151 976 1402 1047 ἡμέραις
1430 980 1731 1049 Ζαχαρίου
1762 981 1831 1035 έν

237 1067 403 1132 φόϐῳ
441 1066 687 1134 Κυρίου.
724 1068 1004 1140 Ζαχαρίαν
1045 1069 1137 1132 δὲ,
1180 1069 1430 1139 μνήμην
1493 1072 1643 1126 Θεοῦ
1695 1072 1830 1141 πρὸς

234 1158 341 1225 τὴν
384 1156 613 1212 Ἐλλάδα
664 1160 850 1231 φωνὴν
904 1161 1350 1232 μεταφερόμενον
1404 1158 1544 1217 οῐδεν
1590 1164 1619 1217 ὁ
1650 1161 1826 1232 λόγος.

237 1250 334 1302 Διὸ
359 1250 592 1304 πάντοτε
614 1251 895 1322 δεηθῶμεν
918 1252 1014 1306 τοῦ
1043 1254 1271 1326 Κυρίου,
1303 1255 1404 1325 τὴν
1430 1256 1700 1328 σωτήριον
1728 1257 1829 1310 αὑ-

236 1338 333 1392 τοῦ
367 1340 709 1412 φυλαχθῆναι
730 1344 864 1413 ἡμῖν
907 1344 1151 1415 μνήμην,
1181 1345 1270 1398 ἶνα
1302 1345 1377 1417 μὴ
1419 1348 1514 1400 καὶ
1557 1346 1689 1400 αὐτὸ
1716 1347 1831 1402 δια-

238 1431 443 1502 φθείρῃ
488 1434 590 1503 τὴν
636 1434 817 1503 ψυχὴν
862 1434 925 1488 τὸ
985 1437 1450 1510 κατορθοῦμενον,
1502 1440 1637 1510 πρὸς
1696 1440 1830 1511 ὕψος

236 1521 521 1589 ἀρθεῖσαν,
560 1522 654 1577 καὶ
700 1523 812 1575 τῶν
846 1522 988 1596 ὑπὲρ
1021 1522 1207 1592 φύσιν,
1239 1523 1314 1587 ὼς
1356 1528 1385 1578 ὁ
1429 1525 1630 1590 Ὀζίας,
1658 1545 1828 1580 κατα-

241 1632 259 1665 -.
270 1614 609 1684 ολμήσασαν.

313 1705 569 1769 ξφ..

235 1797 674 1868 ἀπηλλαγμένης
724 1799 897 1851 δεῖται
943 1799 1142 1871 ψυχῆς
1196 1801 1319 1871 ἥτις
1361 1800 1719 1873 Ἰερουσαλὴμ
1750 1800 1830 1853 λέ-

572 1706 620 1759 ll
673 1706 785 1759 τῶν
839 1706 1013 1760 ὄντων
1069 1708 1319 1778 ἀπλανὴς
1361 1706 1601 1780 θεωρία,
1638 1707 1831 1761 παθῶν

233 1906 420 1956 γεται,
450 1891 537 1944 διά
567 1907 628 1943 τε
657 1890 756 1961 τὴν
788 1893 977 1963 ἄρτιον
1008 1869 1339 1965 ἀρετὴνήκαὶ
1365 1869 1465 1965 τὴν
1498 1869 1671 1949 άῦλον⁷
1686 1894 1828 1963 γνῶ-
1863 1869 1903 1925 Β

238 1998 347 2035 cur
381 1983 503 2053 ἥτις
536 1983 596 2035 οὐ
631 1984 793 2054 μόνον
837 1985 981 2038 κατά
1029 1984 1287 2057 στέρησιν
1319 1985 1529 2051 παθῶν,
1563 1986 1697 2041 ἀλλὰ
1734 1987 1827 2039 καὶ

236 2076 559 2143 φαντασιῶν
585 2078 861 2147 αίσθητῶν
893 2078 1223 2147 ἐπιγίνεται.

312 2346 414 2417 ξη¹.
441 2346 628 2418 Χωρὶς
651 2347 890 2411 πίστεως
928 2346 1022 2401 καὶ
1060 2346 1275 2411 ἐλπίδος
1326 2348 1421 2401 καὶ
1463 2347 1709 2417 ἀγάπης,
1734 2328 1829 2399 οὑξ

230 2440 330 2494 δὲν
367 2439 492 2493 οὔτε
542 2440 653 2495 τῶν
701 2440 891 2495 κακῶν
941 2442 1306 2512 καταργεῖται
1354 2438 1655 2503 παντελῶς,
1700 2436 1826 2491 οὔτε

228 2534 349 2584 τῶν
380 2531 564 2586 καλῶν
606 2532 971 2603 κατορθοῦται
1002 2531 1305 2586 τοσύνολον.
1353 2531 1416 2585 Ἢ
1459 2531 1556 2603 μὲν
1595 2532 1704 2601 γὰρ
1733 2531 1825 2583 πί-

234 2639 379 2689 στις,
414 2622 594 2676 πείθει
625 2623 702 2693 τῷ
732 2621 853 2693 Θεῷ
886 2624 1232 2693 προσχωρεῖν
1260 2622 1353 2675 τὸν
1401 2621 1527 2676 νοῦν
1556 2621 1825 2692 πολεμού-

236 2731 425 2784 μενον,
480 2715 661 2786 πάσης
714 2714 865 2785 αὐτῷ
917 2714 1177 2785 γινομένη
1242 2714 1593 2785 παρασκευῆς
1644 2714 1824 2767 ὃπλων

232 2808 629 2878 πνευματικῶν
664 2808 804 2881 πρὸς
856 2806 917 2860 τὸ
977 2796 1201 2879 θαρρεῖν
1252 2806 1623 2878 παραμύθιον.
1669 2807 1734 2860 Ἠ
1765 2807 1823 2861 δὲ

232 2900 413 2966 ἐλπὶς,
454 2902 555 2970 τῆς
585 2900 734 2963 θείας
776 2898 926 2969 αὐτῷ
969 2900 1297 2954 καθίσταται
1334 2900 1588 2971 βοηθείας
1622 2902 1825 2970 ἐγγυη-

230 2994 337 3063 τὴς
396 2993 830 3063 ἀψευδέστατος,
882 2993 983 3064 τὴν
1029 2992 1138 3047 τῶν
1193 2994 1452 3046 ἐναντίων
1502 2991 1824 3062 καθαίρεσιν

232 3086 686 3158 ἐπαγγελλομένη
725 3087 1032 3157 δυνάμεων.
1100 3087 1162 3139 Ἡ
1206 3087 1263 3139 δὲ
1312 3086 1525 3156 ἀγάπη,
1552 3086 1822 3155 δυσμετα-

233 3182 480 3251 κίνητον,
525 3182 729 3252 μᾶλλον
782 3181 861 3245 δὲ,
913 3182 1152 3251 πάμπαν
1201 3180 1492 3251 ἀκίνητον,
1529 3179 1631 3249 τῆς
1669 3178 1821 3243 θείας

236 3275 481 3346 στοργῆς
511 3275 675 3328 αὐτὸν
709 3270 849 3327 εἶναι
899 3271 1319 3347 παρασκευάζει
1344 3272 1439 3325 καὶ
1471 3269 1822 3341 πολεμούμε-

234 3385 350 3432 νον,
395 3366 746 3437 προσηλοῦσα
799 3364 877 3437 τῷ
935 3365 1064 3435 θείῳ
1108 3364 1259 3434 πόθῳ
1301 3366 1481 3417 πᾶσαν
1534 3362 1700 3417 αὐτοῦ
1724 3362 1825 3434 τὴν

232 3462 339 3528 τῆς
366 3458 608 3527 ἐφέσεως
644 3457 899 3528 δύναμιν.

310 3551 411 3617 ξθ’.
462 3551 528 3603 Ἦ
569 3551 757 3613 πίστις
797 3551 1208 3620 παραμυθεῖται
1259 3549 1353 3603 τὸν
1386 3548 1514 3602 νοῦν
1555 3546 1823 3618 πολεμοῦ-

241 3664 425 3719 μενον,
460 3647 717 3718 βοηθείας
761 3647 937 3701 ἐλπίδι
972 3647 1334 3718 ῥωννύμενον
1376 3648 1410 3716 ἡ
1453 3646 1510 3700 δὲ
1542 3644 1695 3710 ἐλπὶς
1730 3645 1823 3698 ὑπ’

234 3740 361 3809 ὄψιν
402 3739 612 3808 ἄγουσα
649 3739 749 3811 τὴν
789 3740 1175 3793 πιστευθείσαν
1211 3738 1487 3810 βοήθειαν,
1514 3737 1823 3809 ἀποκρούε-

234 3849 329 3885 ται
361 3831 459 3901 τὴν
489 3831 598 3884 τῶν
624 3832 1022 3902 ἀντικειμένων
1063 3831 1431 3903 καταδρομήν·
1462 3829 1575 3900 ἡδὲ
1607 3829 1820 3899 ἀγάπη,

236 3922 439 3995 νεκρὰν
462 3923 754 3994 καθίστησι
790 3923 868 3993 τῷ
900 3923 1133 3992 φιλοθέῳ
1168 3922 1245 3993 νῷ
1277 3923 1387 3975 τῶν
1421 3921 1698 3991 πολεμίων
1724 3920 1823 3990 τὴν

236 4015 569 4087 προσϐολὴν,
615 4018 683 4087 τῇ
718 4016 855 4089 πρὸς
895 4015 1029 4068 Θεὸν
1084 4015 1269 4084 ἐφέσει
1310 4013 1592 4077 παντελῶς
1639 4013 1820 4082 ἀμαυ-

239 4124 333 4178 ρου
344 4106 531 4178 μένην.

305 4205 369 4253 o'.
416 4198 577 4262 Θείας
615 4197 784 4261 ὅντως
818 4197 1053 4268 μερίδος,
1086 4199 1254 4266 ἤγουν
1280 4195 1533 4264 γνώσεως
1562 4194 1818 4266 ἀληθοῦς,

234 4290 373 4354 υἱὸς,
412 4289 630 4358 πρῶτός
669 4306 728 4341 τε
752 4289 848 4342 καὶ
882 4289 1061 4357 μόνος,
1084 4289 1117 4341 ἀ
1139 4288 1278 4341 κατά
1298 4288 1398 4358 τὴν
1423 4288 1608 4341 πίστιν
1639 4288 1737 4359 τῆς
1763 4289 1821 4341 ὲν

231 4383 370 4451 ἡμῖν
414 4380 566 4444 θείας
600 4380 952 4443 ἀναστάσεως
990 4382 1107 4433 ἐστι
1151 4380 1337 4448 λόγος,
1379 4381 1517 4450 μετά
1542 4381 1641 4451 τῆς
1669 4379 1819 4432 δεού-

234 4491 340 4543 σης
376 4473 517 4527 κατά
548 4474 651 4545 τὴν
675 4472 903 4543 γνώμην
922 4472 1258 4542 οἰκονομίας,
1283 4473 1450 4544 ἤγουν
1470 4473 1815 4544 διακρίσεως,

1930 634 2100 677 verus
2133 627 2375 694 agricola
2409 636 2515 692 est,
2554 629 2762 683 munda
2805 644 3033 685 servans
3067 646 3097 687 a
3144 632 3395 699 zizaniis,
3438 634 3525 691 di-

1933 711 2161 783 ligentia
2213 732 2313 773 sua
2364 730 2422 775 et
2470 735 2641 786 cura,
2699 722 2885 777 divina
2943 723 3221 779 bonorum
3269 727 3519 795 semina,

1912 806 2184 875 Aquandiu
2210 811 2305 866 Dei
2344 814 2693 877 memoriam,
2715 816 2839 886 ejus
2881 819 3193 876 munimine
3236 832 3355 878 tuta
3378 865 3392 889 ,
3420 824 3521 880 ba-

1933 898 2140 955 buerit.
2176 903 2268 957 Ait
2306 904 2454 959 enim
2495 924 2509 959 :
2547 906 2616 961 Et
2657 918 2775 961 erat
2807 911 3087 980 exquirens
3130 913 3417 972 Dominum
3460 921 3518 973 in

1931 990 2113 1046 diebus
2151 993 2450 1063 Zachariae,
2495 999 2550 1051 in
2605 1000 2794 1053 timore
2840 1000 3055 1057 Domini
3096 1004 3163 1058 ".
3209 1006 3383 1063 Porro
3418 1009 3521 1065 Za-

1931 1086 2201 1150 chariam,
2230 1089 2276 1144 si
2302 1090 2488 1161 lingua
2516 1102 2707 1149 nostra
2732 1095 3053 1163 reddamus,
3078 1097 3176 1154 Dei
3207 1106 3519 1159 memoriam

1932 1191 2130 1233 sonare
2176 1194 2290 1234 non
2323 1182 2627 1238 nescimus.
2662 1185 2931 1251 Quocirca
2968 1190 3264 1247 Dominum
3299 1208 3522 1266 semper

1931 1283 2176 1335 oremus,
2222 1280 2283 1328 ut
2331 1274 2595 1331 salutaris
2624 1278 2744 1346 ejus
2783 1280 3050 1336 memoria
3095 1283 3259 1340 nobis
3296 1302 3523 1343 conser-

1930 1371 2114 1430 vetur,
2150 1380 2219 1419 ne
2251 1364 2432 1435 ipsum
2466 1366 2572 1422 hoc
2603 1369 2751 1443 quod
2785 1380 2937 1428 recte
2972 1388 3152 1445 exque
3182 1378 3392 1436 virtute
3426 1397 3519 1451 ge-

1931 1453 2096 1516 ritur,
2144 1456 2429 1511 interitum
2484 1460 2682 1515 anima:
2734 1464 2950 1532 pariat,
2996 1464 3129 1521 dum
3182 1468 3238 1522 in
3280 1471 3519 1529 sublime

1930 1546 2185 1617 erigitur,
2245 1565 2308 1605 ac
2358 1552 2512 1606 velut
2556 1552 2744 1619 Ozias,
2799 1565 3005 1614 temere
3060 1562 3348 1630 praesumit
3394 1580 3517 1635 qua:

1932 1650 2143 1695 natura-
2172 1642 2489 1698 facultatem
2526 1647 2803 1703 excedunt
2838 1649 2903 1704 ⁸⁸.
3433 1649 3436 1655 ’

2002 1732 2089 1786 67.
2124 1731 2288 1787 Certa
2351 1749 2650 1805 erroreque
2719 1754 2917 1795 vacans
2963 1743 3271 1812 speculatio
3316 1746 3519 1803 immn-

1931 1842 2058 1881 nem
2091 1828 2161 1881 ab
2190 1828 2483 1884 affectibus
2516 1838 2683 1901 atque
2716 1833 2869 1889 vitiis
2906 1837 3071 1906 exigit
3109 1840 3393 1906 animum;
3422 1840 3515 1899 Je-

1932 1920 2171 1972 rusalem
2221 1920 2433 1974 scilicet
2475 1936 2905 2000 nuncupatum,
2953 1936 3071 1981 tum
3122 1937 3351 1998 propter
3388 1945 3517 2001 per-

1930 2007 2127 2063 fectam
2165 2008 2327 2080 550
2355 2011 2640 2078 virtutem,
2682 2023 2798 2068 tum
2831 2024 3058 2086 propter
3092 2019 3515 2078 immaterialem

1927 2100 2177 2170 nihilque
2201 2111 2482 2157 terrenum
2502 2104 2793 2161 habentem
2819 2108 3105 2163 scientiam
3131 2129 3145 2175 ;
3171 2128 3293 2181 quae
3316 2128 3515 2184 nempe

1928 2192 2133 2248 nedum
2192 2196 2497 2251 eliminatis
2547 2196 2861 2254 aﬂ‘ectibus‘
2890 2210 3058 2271 atque
3106 2203 3281 2268 vitiis,
3317 2206 3413 2261 sed
3458 2216 3517 2261 et

1928 2299 2115 2339 rerum
2168 2286 2458 2341 sensilium
2502 2289 2957 2359 cogitationibus,
2994 2295 3240 2364 proclive
3278 2297 3513 2352 accedit.

1997 2377 2085 2433 68.
2127 2378 2351 2432 Nullum
2382 2382 2609 2436 omnino
2635 2382 2846 2454 absque
2880 2384 3008 2450 ﬁde,
3032 2402 3128 2457 spe
3156 2396 3213 2441 et
3241 2387 3513 2446 charitate

1926 2470 2188 2525 vitiorum
2234 2471 2580 2539 destruitur,
2626 2476 2705 2529 nti
2750 2491 2931 2546 neque
2976 2494 3205 2548 prorsus
3237 2480 3511 2535 virtutum

1927 2563 2040 2617 ulla
2082 2572 2397 2633 praestatur.
2434 2566 2598 2621 Fides
2626 2568 2801 2633 enim,
2832 2569 2963 2623 dum
3002 2570 3363 2642 impugnatur
3394 2572 3515 2627 ani-

1924 2671 2071 2721 mus,
2101 2665 2296 2711 auctor
2316 2666 2403 2713 est
2426 2660 2782 2731 confugiendi
2813 2662 2881 2716 ad
2908 2663 3105 2729 Deum,
3134 2664 3300 2733 eique
3329 2665 3513 2719 omnis

1925 2749 2259 2818 spiritalium
2318 2765 2603 2805 armorum
2659 2762 2997 2822 apparatus,
3050 2754 3257 2823 quibus
3312 2753 3512 2809 ﬁducia

1924 2850 2178 2909 paretur,
2223 2840 2461 2896 cﬁicitur
2488 2843 2770 2897 solatium.
2812 2843 2950 2914 Spes
2978 2852 3163 2900 autem
3188 2844 3431 2899 divinam
3460 2846 3510 2899 ei

1924 2931 2215 2987 verissime
2245 2932 2578 3004 oppignerat
2627 2950 2813 3004 opem,
2851 2936 3115 2991 delendas
3163 2936 3514 2993 adversarios

1924 3029 2229 3092 potestates
2311 3025 2540 3080 omnino
2600 3027 2894 3097 pollicens.
2960 3027 3216 3083 Charitas
3268 3029 3511 3099 denique

1922 3130 2066 3186 aegre
2103 3116 2360 3171 mobilem
2402 3116 2557 3187 (quin
2600 3128 2657 3173 et
2696 3134 2924 3187 prorsus
2962 3119 3329 3192 immobilem)
3369 3137 3511 3191 prte-

1847 3221 1893 3283 C
1925 3215 2052 3271 stat,
2085 3207 2260 3261 divini
2297 3208 2559 3263 illccebra
2604 3210 2830 3275 amoris,
2886 3218 3001 3265 tum
3036 3211 3204 3268 etiam
3245 3227 3371 3267 cum
3410 3213 3513 3266 im-

1925 3310 2222 3369 pugnatur,
2250 3301 2495 3372 cjusvim
2531 3317 2751 3358 omnem
2786 3304 3110 3375 cupiditatis
3142 3304 3335 3360 divino
3363 3305 3512 3361 desi-

1924 3388 2084 3444 dcrio
2109 3390 2351 3461 aiiigcns.

1994 3574 2081 3627 69.
2121 3572 2305 3636 Fides,
2345 3574 2591 3628 animum
2620 3575 2715 3645 qui
2758 3574 3136 3648 impugnatur,
3169 3592 3385 3650 sperata
3415 3598 3509 3640 sa-

1922 3666 2036 3720 lute
2082 3667 2401 3722 roboratum
2448 3669 2681 3723 solatur.
2729 3669 2866 3740 Spes
2909 3682 3120 3739 autem,
3170 3675 3375 3744 ipsum,
3414 3678 3504 3732 cui

1923 3756 2169 3810 adhibita
2220 3757 2391 3820 ﬁdes;
2444 3758 2713 3812 auxilium
2760 3760 2865 3815 sub
2919 3772 3208 3833 aSpectum
3260 3782 3503 3837 ponens,

1923 3848 2370 3903 adversariorum
2429 3850 2695 3905 insultum
2748 3851 2998 3923 depellit.
3046 3855 3303 3912 Charitas
3334 3858 3508 3912 'deni-

1921 3956 2050 4011 que,
2092 3942 2349 3996 infestam
2399 3943 2646 3998 hostium
2688 3943 2866 4001 aciem
2920 3947 3154 4017 ejusque
3204 3949 3501 4019 impetum,

1922 4032 2199 4089 desiderio
2231 4034 2284 4088 in
2324 4034 2497 4089 Deum
2534 4051 2762 4106 prorsus
2792 4049 3135 4103 enervatum,
3170 4040 3264 4095 Dei
3304 4043 3503 4097 cultori

1920 4139 1984 4179 ac
2015 4125 2273 4193 religioso
2309 4127 2495 4181 animo
2528 4138 2843 4184 emortuum
2879 4130 3028 4186 facit.

1994 4217 2080 4271 70.
2119 4218 2338 4273 Primus
2379 4235 2573 4274 revera
2616 4222 2874 4292 solusque
2906 4222 3107 4279 divinae
3141 4224 3317 4294 partis
3342 4223 3508 4296 (verte

1922 4307 2136 4362 scilicet
2180 4309 2445 4381 scientiae)
2490 4310 2656 4377 filius,
2698 4328 2879 4367 sermo
2909 4313 3036 4370 ﬁdei
3075 4323 3161 4370 est
3205 4315 3407 4370 divinae
3436 4307 3504 4374 ‘in

1920 4401 2082 4455 nobis
2124 4402 2569 4469 resurrectionis,
2604 4419 2730 4457 cum
2761 4404 2977 4460 decenti
3012 4406 3179 4460 animi
3210 4422 3273 4462 ac
3308 4407 3505 4464 volun-

1924 4492 2051 4547 tatis
2085 4492 2502 4563 dispensatione
2542 4494 2618 4565 (id
2659 4505 2763 4563 εει,
2796 4497 3131 4553 discretione
3171 4513 3237 4553 ac
3272 4498 3503 4571 judicio)

231 4566 416 4629 καλῶς
437 4566 714 4636 διαφέρων
756 4565 854 4629 τάς
892 4582 951 4617 τε
997 4564 1107 4618 τῶν
1135 4566 1400 4618 ἑκουσίων
1424 4566 1518 4618 καὶ
1548 4564 1818 4618 ἀκουσίων

1925 4585 2288 4639 tentationum
2324 4585 2564 4640 insultus
2593 4597 2819 4643 strenue
2852 4589 3115 4656 tolerans,
3148 4599 3263 4645 tum
3292 4606 3414 4661 quae
3438 4608 3506 4647 ex

233 4658 560 4728 πειρασμῶν
590 4660 1002 4721 ἐπαναστάσεις.
1052 4658 1164 4711 Καὶ
1210 4658 1318 4728 γάρ
1348 4657 1550 4730 πρώτη
1599 4660 1657 4711 ὲν
1687 4660 1819 4728 ἡμῖν

228 4749 530 4811 ἀνάστασις
550 4746 643 4801 τοῦ
660 4747 748 4800 διά
760 4747 857 4817 τῆς
872 4747 1093 4815 ἀγνοίας
1114 4749 1242 4817 ἡμῖν
1270 4748 1636 4817 νεκρωθέντος
1656 4748 1815 4815 Θεοῦ,

226 4845 262 4912 ἡ
307 4839 490 4905 πίστις
504 4842 641 4905 ἐστὶ,
678 4841 856 4905 καλῶς
897 4843 1007 4905 τοῖς
1030 4841 1213 4912 ἔργοις
1228 4841 1337 4895 τῶν
1358 4841 1585 4894 ἐντολῶν
1613 4842 1815 4895 οἰκονο-

231 4952 339 5006 μου
348 4933 483 5005 μένη
491 4975 504 4988 .

304 5031 403 5080 οα’.
465 5026 531 5079 Ἦ
565 5028 703 5097 πρὸς
736 5027 867 5080 Θεὸν
919 5028 1243 5098 ἐπιστροφὴ,
1292 5028 1477 5097 σαφῶς
1523 5029 1814 5100 μηνύειδι’

225 5117 437 5187 ἑαυτῆς
464 5118 555 5171 τὸν
589 5118 963 5190 πληρέστατον
988 5120 1083 5189 τῆς
1116 5120 1263 5182 θείας
1293 5120 1505 5184 ἐλπίδος
1534 5121 1690 5187 λόγον

220 5204 291 5265 οὗ
317 5210 506 5280 χωρὶς,
535 5211 784 5281 οὐδαμῶς
813 5212 987 5265 οὐδενὶ
1020 5214 1143 5267 καθ’
1166 5213 1343 5268 ὁτιοῦν
1368 5216 1503 5284 πρὸς
1530 5216 1662 5268 Θεὸν
1692 5215 1812 5268 ὲπί-

221 5320 418 5366 νευσις
477 5302 724 5371 γίνεσθαι
775 5304 1041 5371 πέφυκενο
1100 5306 1255 5376 είπερ
1310 5306 1523 5369 ἐλπίδος
1567 5307 1717 5371 ἴδιον,
1757 5308 1816 5360 τὸ

222 5396 324 5451 ὐπ’
364 5394 487 5464 ὄψιν
519 5394 675 5463 ἀγειν
696 5395 772 5459 ὡς
801 5395 1046 5467 παρόντα
1074 5397 1142 5451 τὰ
1173 5399 1457 5469 μέλλοντα·
1497 5402 1589 5454 κα)⁴
1649 5403 1817 5474 μηδα-

304 5552 349 5583 ⁶¹
379 5550 514 5606 ibid.
548 5551 600 5607 5.
677 5551 722 5584 ⁸⁸
750 5552 882 5606 ibid.
920 5552 1005 5607 16.

301 5671 317 5687 “
350 5665 433 5721 Cl'.
467 5666 534 5721 ad
564 5666 810 5722 Thalass.
844 5685 897 5737 q.
933 5668 998 5724 49
1034 5684 1206 5738 usque
1229 5670 1295 5723 ad
1326 5686 1446 5740 cap.
1477 5671 1565 5726 85.

304 5782 370 5851 (j)
398 5784 508 5856 ’ζίξν
536 5785 954 5856 πληρέίττιιτσν
983 5788 1093 5852 τῆς
1124 5789 1285 5853 θείης
1321 5788 1568 5853 ἐλπίδος
1594 5790 1799 5856 λόγον.

224 5854 389 5910 Clara
414 5853 630 5909 Maximi
667 5859 967 5921 sententia;
1008 5859 1210 5913 includi
1235 5853 1803 5915 inconvcrsicncino-

1920 4676 2240 4741 voluntate,
2287 4685 2404 4731 tum
2454 4694 2574 4748 qua:
2626 4680 2882 4736 violentae
2933 4689 3275 4753 externoque
3318 4694 3505 4740 actore

1918 4768 2216 4825 exsistunt.
2250 4770 2434 4824 Prima
2467 4786 2706 4841 namque
2736 4773 2832 4828 Dei
2864 4789 2894 4828 a
2924 4774 3088 4829 nobis
3115 4791 3215 4845 per
3247 4776 3504 4847 ignoran-

1915 4860 2046 4914 tiam
2077 4861 2369 4925 exstincti,
2396 4864 2729 4918 resurrectio
2748 4903 2762 4925 ,
2800 4863 2939 4920 ﬁdes
2968 4872 3083 4931 est,
3110 4881 3233 4938 quae
3248 4867 3503 4922 mandata

1916 4966 2080 5021 opere
2112 4952 2423 5021 prastando
2456 4954 2561 5009 rite
2594 4954 2901 5025 digeratur.

1990 5039 2079 5092 71.
2116 5038 2418 5094 Conversio
2460 5040 2528 5095 ad
2577 5042 2783 5109 Deum,
2825 5043 2910 5099 sui
2959 5043 3077 5113 ipsa
3128 5044 3339 5101 ratione
3384 5045 3502 5115 ple-

1919 5131 2201 5185 nissimam
2248 5142 2437 5201 aperte
2486 5133 2686 5188 divina:
2740 5135 2856 5205 spei
2896 5136 3163 5192 rationem
3205 5136 3498 5208 signiﬁcat,

1920 5223 2038 5277 sine
2064 5238 2172 5293 qua
2204 5239 2487 5293 nunquam
2520 5224 2634 5290 ﬁat,
2663 5233 2723 5279 ut
2755 5227 2883 5296 quis
2922 5228 3030 5282 ulla
3068 5230 3282 5285 ratione
3315 5232 3502 5285 animo

1922 5315 1977 5369 in
2004 5315 2175 5369 Deum
2207 5315 2403 5371 tendat
2427 5317 2589 5386 eique
2620 5320 2908 5375 assentiat.
2940 5321 2998 5375 Id
3030 5323 3179 5377 enim
3214 5324 3329 5393 spei
3375 5339 3499 5377 mu-

1922 5406 2072 5461 neris
2116 5413 2222 5470 est,
2261 5414 2322 5460 ut
2358 5422 2481 5476 qua:
2522 5406 2710 5463 futura
2736 5418 2886 5475 sunt,
2919 5419 3177 5482 tanquam
3208 5413 3498 5484 praesentia

1916 5801 2028 5845 tum
2053 5808 2181 5860 spe:
2221 5795 2367 5863 quod
2393 5807 2449 5849 ct
2468 5798 2767 5852 declaravit
2794 5816 2950 5855 eone.
2988 5800 3140 5857 Trid.
3174 5800 3338 5859 Picus
3357 5805 3495 5863 nihil

1913 5863 2075 5927 bene,
2104 5863 2277 5932 λόγον,
2316 5868 2557 5922 animum
2595 5870 2793 5925 reddit.
