  <div class='ocr_page' id='page_1' title='image "/cluster/home/n/w/nwhite01/storage/ocr_20150623/90/nnc1.0046980113/629.png"; bbox 0 0 4192 6436; ppageno 0'>
   <div class='ocr_carea' id='block_1_1' title="bbox 721 385 2309 469">
    <p class='ocr_par' dir='ltr' id='par_1_1' title="bbox 721 385 2309 454">
     <span class='ocr_line' id='line_1_1' title="bbox 721 385 2309 454; baseline -0.001 -4"><span class='ocrx_word' id='word_1_1' title='bbox 721 385 856 450; x_wconf 68' lang='grc'><strong>1247</strong></span> <span class='ocrx_word' id='word_1_2' title='bbox 1872 394 1933 454; x_wconf 83' lang='grc'><strong>5.</strong></span> <span class='ocrx_word' id='word_1_3' title='bbox 1977 395 2262 454; x_wconf 75' lang='lat' dir='ltr'><strong>MAXIM!</strong></span> <span class='ocrx_word' id='word_1_4' title='bbox 2302 405 2309 448; x_wconf 68' lang='lat'><strong>1</strong></span> 
     </span>
    </p>
   </div>
   <div class='ocr_carea' id='block_1_2' title="bbox 2412 385 3984 469">
    <p class='ocr_par' dir='ltr' id='par_1_2' title="bbox 2412 396 3984 469">
     <span class='ocr_line' id='line_1_2' title="bbox 2412 396 3984 469; baseline 0.009 -13"><span class='ocrx_word' id='word_1_5' title='bbox 2412 396 2815 459; x_wconf 52' lang='lat' dir='ltr'><strong>HFESSORIS</strong></span> <span class='ocrx_word' id='word_1_6' title='bbox 3844 407 3984 469; x_wconf 67' lang='grc'><strong>1248</strong></span> 
     </span>
    </p>
   </div>
   <div class='ocr_carea' id='block_1_3' title="bbox 717 503 2309 586">
    <p class='ocr_par' dir='ltr' id='par_1_3' title="bbox 717 503 2291 576">
     <span class='ocr_line' id='line_1_3' title="bbox 717 503 2291 576; baseline 0.003 -18"><span class='ocrx_word' id='word_1_7' title='bbox 717 503 820 558; x_wconf 75' lang='lat' dir='ltr'><strong>sub</strong></span> <span class='ocrx_word' id='word_1_8' title='bbox 849 511 1131 573; x_wconf 84' lang='lat' dir='ltr'><strong>aspectum</strong></span> <span class='ocrx_word' id='word_1_9' title='bbox 1161 514 1358 573; x_wconf 89' lang='lat' dir='ltr'><strong>ponat;</strong></span> <span class='ocrx_word' id='word_1_10' title='bbox 1389 515 1652 576; x_wconf 90' lang='lat' dir='ltr'><strong>certoque</strong></span> <span class='ocrx_word' id='word_1_11' title='bbox 1680 505 1888 562; x_wconf 90' lang='lat' dir='ltr'><strong>certius</strong></span> <span class='ocrx_word' id='word_1_12' title='bbox 1915 507 2148 561; x_wconf 90' lang='lat' dir='ltr'><strong>suadeat</strong></span> <span class='ocrx_word' id='word_1_13' title='bbox 2183 525 2291 562; x_wconf 91' lang='lat' dir='ltr'><strong>non</strong></span> 
     </span>
    </p>
   </div>
   <div class='ocr_carea' id='block_1_4' title="bbox 2412 503 3990 586">
    <p class='ocr_par' dir='ltr' id='par_1_4' title="bbox 2412 509 3990 586">
     <span class='ocr_line' id='line_1_4' title="bbox 2412 509 3990 586; baseline 0.005 -25"><span class='ocrx_word' id='word_1_14' title='bbox 2412 509 2516 572; x_wconf 76' lang='grc' dir='ltr'><strong>ιῶς</strong></span> <span class='ocrx_word' id='word_1_15' title='bbox 2555 511 2776 564; x_wconf 82' lang='grc' dir='ltr'><strong>ἀπεῖναι</strong></span> <span class='ocrx_word' id='word_1_16' title='bbox 2836 511 3047 566; x_wconf 78' lang='grc' dir='ltr'>πείθειν</span> <span class='ocrx_word' id='word_1_17' title='bbox 3087 513 3198 566; x_wconf 86' lang='grc' dir='ltr'><strong>τῶν</strong></span> <span class='ocrx_word' id='word_1_18' title='bbox 3259 515 3684 585; x_wconf 70' lang='grc' dir='ltr'><strong>πολεμουμένων</strong></span> <span class='ocrx_word' id='word_1_19' title='bbox 3736 518 3844 570; x_wconf 70' lang='grc' dir='ltr'><strong>ὑπὸ</strong></span> <span class='ocrx_word' id='word_1_20' title='bbox 3878 519 3990 586; x_wconf 79' lang='grc' dir='ltr'><strong>τῆς</strong></span> 
     </span>
    </p>
   </div>
   <div class='ocr_carea' id='block_1_5' title="bbox 715 595 2309 673">
    <p class='ocr_par' dir='ltr' id='par_1_5' title="bbox 715 595 2296 668">
     <span class='ocr_line' id='line_1_5' title="bbox 715 595 2296 668; baseline 0.002 -16"><span class='ocrx_word' id='word_1_21' title='bbox 715 595 910 652; x_wconf 80' lang='lat' dir='ltr'><strong>abesse</strong></span> <span class='ocrx_word' id='word_1_22' title='bbox 939 597 1108 650; x_wconf 86' lang='lat' dir='ltr'><strong>Deum</strong></span> <span class='ocrx_word' id='word_1_23' title='bbox 1134 606 1526 666; x_wconf 72' lang='lat' dir='ltr'><strong>protectorem,</strong></span> <span class='ocrx_word' id='word_1_24' title='bbox 1558 600 1628 653; x_wconf 92' lang='lat' dir='ltr'><strong>ah</strong></span> <span class='ocrx_word' id='word_1_25' title='bbox 1658 599 1746 653; x_wconf 88' lang='lat' dir='ltr'><strong>his</strong></span> <span class='ocrx_word' id='word_1_26' title='bbox 1804 614 1946 668; x_wconf 89' lang='lat' dir='ltr'><strong>quos</strong></span> <span class='ocrx_word' id='word_1_27' title='bbox 1984 599 2296 655; x_wconf 89' lang='lat' dir='ltr'><strong>adversaria</strong></span> 
     </span>
    </p>
   </div>
   <div class='ocr_carea' id='block_1_6' title="bbox 2412 595 3950 673">
    <p class='ocr_par' dir='ltr' id='par_1_6' title="bbox 2412 599 3950 673">
     <span class='ocr_line' id='line_1_6' title="bbox 2412 599 3950 673; baseline 0.005 -25"><span class='ocrx_word' id='word_1_28' title='bbox 2412 599 2783 668; x_wconf 69' lang='grc' dir='ltr'><strong>ἱντικειμέντ,ς</strong></span> <span class='ocrx_word' id='word_1_29' title='bbox 2826 599 3143 669; x_wconf 86' lang='grc' dir='ltr'>δυνάμεως,</span> <span class='ocrx_word' id='word_1_30' title='bbox 3179 601 3269 654; x_wconf 74' lang='grc' dir='ltr'><strong>τὸν</strong></span> <span class='ocrx_word' id='word_1_31' title='bbox 3317 603 3764 673; x_wconf 75' lang='grc' dir='ltr'><strong>ὑπερασπίζοντα</strong></span> <span class='ocrx_word' id='word_1_32' title='bbox 3809 604 3950 656; x_wconf 83' lang='grc' dir='ltr'>Θεόν</span> 
     </span>
    </p>
   </div>
   <div class='ocr_carea' id='block_1_7' title="bbox 717 685 2309 764">
    <p class='ocr_par' dir='ltr' id='par_1_7' title="bbox 717 687 2295 757">
     <span class='ocr_line' id='line_1_7' title="bbox 717 687 2295 757; baseline 0.004 -20"><span class='ocrx_word' id='word_1_33' title='bbox 717 693 962 755; x_wconf 74' lang='lat' dir='ltr'><strong>potestas</strong></span> <span class='ocrx_word' id='word_1_34' title='bbox 990 696 1305 754; x_wconf 86' lang='lat' dir='ltr'><strong>Oppugnet;</strong></span> <span class='ocrx_word' id='word_1_35' title='bbox 1347 687 1418 740; x_wconf 88' lang='lat' dir='ltr'><strong>ob</strong></span> <span class='ocrx_word' id='word_1_36' title='bbox 1462 702 1650 756; x_wconf 85' lang='lat' dir='ltr'><strong>quem,</strong></span> <span class='ocrx_word' id='word_1_37' title='bbox 1697 703 1763 742; x_wconf 91' lang='lat' dir='ltr'><strong>ac</strong></span> <span class='ocrx_word' id='word_1_38' title='bbox 1810 689 1969 757; x_wconf 88' lang='lat' dir='ltr'><strong>cujus</strong></span> <span class='ocrx_word' id='word_1_39' title='bbox 2008 702 2174 742; x_wconf 87' lang='lat' dir='ltr'><strong>causa</strong></span> <span class='ocrx_word' id='word_1_40' title='bbox 2209 706 2295 744; x_wconf 86' lang='lat' dir='ltr'><strong>m-</strong></span> 
     </span>
    </p>
   </div>
   <div class='ocr_carea' id='block_1_8' title="bbox 2412 685 3986 764">
    <p class='ocr_par' dir='ltr' id='par_1_8' title="bbox 2412 685 3986 764">
     <span class='ocr_line' id='line_1_8' title="bbox 2412 685 3986 764; baseline 0.004 -23"><span class='ocrx_word' id='word_1_41' title='bbox 2412 690 2547 759; x_wconf 67' lang='grc' dir='ltr'><strong>ὒπὲρ</strong></span> <span class='ocrx_word' id='word_1_42' title='bbox 2573 685 2666 756; x_wconf 79' lang='grc' dir='ltr'><strong>οὗ,</strong></span> <span class='ocrx_word' id='word_1_43' title='bbox 2699 692 2795 745; x_wconf 82' lang='grc' dir='ltr'><strong>καὶ</strong></span> <span class='ocrx_word' id='word_1_44' title='bbox 2841 693 2910 746; x_wconf 88' lang='grc' dir='ltr'>δι’</span> <span class='ocrx_word' id='word_1_45' title='bbox 2942 694 3003 746; x_wconf 86' lang='grc' dir='ltr'><strong>ὃν</strong></span> <span class='ocrx_word' id='word_1_46' title='bbox 3054 695 3234 761; x_wconf 78' lang='grc' dir='ltr'><strong>ἁγίοις</strong></span> <span class='ocrx_word' id='word_1_47' title='bbox 3280 695 3309 746; x_wconf 83' lang='grc' dir='ltr'>ὁ</span> <span class='ocrx_word' id='word_1_48' title='bbox 3345 695 3599 763; x_wconf 78' lang='grc' dir='ltr'>πόλεμος.</span> <span class='ocrx_word' id='word_1_49' title='bbox 3651 696 3840 761; x_wconf 72' lang='grc' dir='ltr'><strong>Χωρὶς</strong></span> <span class='ocrx_word' id='word_1_50' title='bbox 3870 696 3986 764; x_wconf 77' lang='grc' dir='ltr'><strong>γάρ</strong></span> 
     </span>
    </p>
   </div>
   <div class='ocr_carea' id='block_1_9' title="bbox 719 776 2309 857">
    <p class='ocr_par' dir='ltr' id='par_1_9' title="bbox 719 776 2296 848">
     <span class='ocr_line' id='line_1_9' title="bbox 719 776 2296 848; baseline 0.003 -18"><span class='ocrx_word' id='word_1_51' title='bbox 719 777 865 830; x_wconf 89' lang='lat' dir='ltr'><strong>dicta</strong></span> <span class='ocrx_word' id='word_1_52' title='bbox 915 776 1122 830; x_wconf 86' lang='lat' dir='ltr'><strong>sanctis</strong></span> <span class='ocrx_word' id='word_1_53' title='bbox 1167 777 1297 831; x_wconf 85' lang='lat' dir='ltr'><strong>belli</strong></span> <span class='ocrx_word' id='word_1_54' title='bbox 1351 780 1653 833; x_wconf 90' lang='lat' dir='ltr'><strong>necessitas</strong></span> <span class='ocrx_word' id='word_1_55' title='bbox 1706 786 1812 833; x_wconf 90' lang='lat' dir='ltr'><strong>est.</strong></span> <span class='ocrx_word' id='word_1_56' title='bbox 1864 779 2086 848; x_wconf 82' lang='lat' dir='ltr'><strong>Absque</strong></span> <span class='ocrx_word' id='word_1_57' title='bbox 2147 782 2296 834; x_wconf 91' lang='lat' dir='ltr'><strong>enim</strong></span> 
     </span>
    </p>
   </div>
   <div class='ocr_carea' id='block_1_10' title="bbox 2412 776 3988 857">
    <p class='ocr_par' dir='ltr' id='par_1_10' title="bbox 2412 783 3988 857">
     <span class='ocr_line' id='line_1_10' title="bbox 2412 783 3988 857; baseline 0.004 -24"><span class='ocrx_word' id='word_1_58' title='bbox 2412 798 2545 845; x_wconf 70' lang='grc' dir='ltr'><strong>τινος</strong></span> <span class='ocrx_word' id='word_1_59' title='bbox 2586 783 2914 852; x_wconf 77' lang='grc' dir='ltr'><strong>προσδοκίας</strong></span> <span class='ocrx_word' id='word_1_60' title='bbox 2947 785 2981 854; x_wconf 77' lang='grc' dir='ltr'>ἢ</span> <span class='ocrx_word' id='word_1_61' title='bbox 3013 784 3308 855; x_wconf 83' lang='grc' dir='ltr'><strong>δυσχεροῦς</strong></span> <span class='ocrx_word' id='word_1_62' title='bbox 3348 785 3381 854; x_wconf 77' lang='grc' dir='ltr'>ἢ</span> <span class='ocrx_word' id='word_1_63' title='bbox 3419 785 3699 856; x_wconf 79' lang='grc' dir='ltr'><strong>εὐχεροῦς,</strong></span> <span class='ocrx_word' id='word_1_64' title='bbox 3727 788 3988 857; x_wconf 79' lang='grc' dir='ltr'><strong>ἐπιστρο-</strong></span> 
     </span>
    </p>
   </div>
   <div class='ocr_carea' id='block_1_11' title="bbox 717 865 2309 944">
    <p class='ocr_par' dir='ltr' id='par_1_11' title="bbox 717 865 2299 940">
     <span class='ocr_line' id='line_1_11' title="bbox 717 865 2299 940; baseline 0.005 -21"><span class='ocrx_word' id='word_1_65' title='bbox 717 865 900 936; x_wconf 89' lang='lat' dir='ltr'><strong>aliqua</strong></span> <span class='ocrx_word' id='word_1_66' title='bbox 947 867 1031 920; x_wconf 85' lang='lat' dir='ltr'><strong>vel</strong></span> <span class='ocrx_word' id='word_1_67' title='bbox 1082 867 1290 923; x_wconf 83' lang='lat' dir='ltr'><strong>difﬁcili</strong></span> <span class='ocrx_word' id='word_1_68' title='bbox 1339 869 1430 922; x_wconf 76' lang='lat' dir='ltr'><strong>vei</strong></span> <span class='ocrx_word' id='word_1_69' title='bbox 1475 869 1622 924; x_wconf 89' lang='lat' dir='ltr'><strong>facili</strong></span> <span class='ocrx_word' id='word_1_70' title='bbox 1667 873 2098 940; x_wconf 80' lang='lat' dir='ltr'><strong>exspectatione.</strong></span> <span class='ocrx_word' id='word_1_71' title='bbox 2135 888 2299 928; x_wconf 89' lang='lat' dir='ltr'><strong>nemo</strong></span> 
     </span>
    </p>
   </div>
   <div class='ocr_carea' id='block_1_12' title="bbox 2412 865 3836 944">
    <p class='ocr_par' dir='ltr' id='par_1_12' title="bbox 2412 873 3836 944">
     <span class='ocr_line' id='line_1_12' title="bbox 2412 873 3836 944; baseline 0.001 -17"><span class='ocrx_word' id='word_1_72' title='bbox 2412 873 2475 942; x_wconf 73' lang='grc' dir='ltr'><strong>Ρὴ</strong></span> <span class='ocrx_word' id='word_1_73' title='bbox 2497 873 2632 944; x_wconf 86' lang='grc' dir='ltr'><strong>πρὸς</strong></span> <span class='ocrx_word' id='word_1_74' title='bbox 2659 874 2723 926; x_wconf 81' lang='grc' dir='ltr'><strong>τὸ</strong></span> <span class='ocrx_word' id='word_1_75' title='bbox 2752 874 2917 927; x_wconf 84' lang='grc' dir='ltr'><strong>καλὸν</strong></span> <span class='ocrx_word' id='word_1_76' title='bbox 2943 875 3120 928; x_wconf 79' lang='grc' dir='ltr'>οὐδενί</span> <span class='ocrx_word' id='word_1_77' title='bbox 3154 892 3285 927; x_wconf 86' lang='grc' dir='ltr'><strong>ποτε</strong></span> <span class='ocrx_word' id='word_1_78' title='bbox 3324 875 3537 944; x_wconf 85' lang='grc' dir='ltr'>πέφυκε</span> <span class='ocrx_word' id='word_1_79' title='bbox 3565 875 3836 944; x_wconf 80' lang='grc' dir='ltr'><strong>γίνεσθαι.</strong></span> 
     </span>
    </p>
   </div>
   <div class='ocr_carea' id='block_1_13' title="bbox 721 958 2298 1029">
    <p class='ocr_par' dir='ltr' id='par_1_13' title="bbox 721 958 2298 1029">
     <span class='ocr_line' id='line_1_13' title="bbox 721 958 2298 1029; baseline 0.006 -19"><span class='ocrx_word' id='word_1_80' title='bbox 721 973 960 1026; x_wconf 87' lang='lat' dir='ltr'><strong>unquam</strong></span> <span class='ocrx_word' id='word_1_81' title='bbox 990 966 1050 1013; x_wconf 93' lang='lat' dir='ltr'><strong>ut</strong></span> <span class='ocrx_word' id='word_1_82' title='bbox 1081 958 1148 1012; x_wconf 91' lang='lat' dir='ltr'><strong>ad</strong></span> <span class='ocrx_word' id='word_1_83' title='bbox 1177 959 1230 1013; x_wconf 94' lang='lat' dir='ltr'><strong>id</strong></span> <span class='ocrx_word' id='word_1_84' title='bbox 1262 959 1408 1029; x_wconf 92' lang='lat' dir='ltr'><strong>quod</strong></span> <span class='ocrx_word' id='word_1_85' title='bbox 1435 961 1728 1016; x_wconf 89' lang='lat' dir='ltr'><strong>honestum</strong></span> <span class='ocrx_word' id='word_1_86' title='bbox 1764 977 1828 1016; x_wconf 91' lang='lat' dir='ltr'><strong>ac</strong></span> <span class='ocrx_word' id='word_1_87' title='bbox 1856 961 2019 1016; x_wconf 82' lang='lat' dir='ltr'><strong>ofﬁcii</strong></span> <span class='ocrx_word' id='word_1_88' title='bbox 2053 973 2140 1018; x_wconf 90' lang='lat' dir='ltr'><strong>est</strong></span> <span class='ocrx_word' id='word_1_89' title='bbox 2162 979 2298 1019; x_wconf 90' lang='lat' dir='ltr'><strong>con-</strong></span> 
     </span>
    </p>
   </div>
   <div class='ocr_carea' id='block_1_14' title="bbox 719 1051 1612 1109">
    <p class='ocr_par' dir='ltr' id='par_1_14' title="bbox 719 1051 1612 1109">
     <span class='ocr_line' id='line_1_14' title="bbox 719 1051 1612 1109; baseline 0.006 -7"><span class='ocrx_word' id='word_1_90' title='bbox 719 1060 968 1104; x_wconf 78' lang='lat' dir='ltr'><strong>vertatur</strong></span> <span class='ocrx_word' id='word_1_91' title='bbox 1004 1051 1060 1105; x_wconf 90' lang='lat' dir='ltr'><strong>in</strong></span> <span class='ocrx_word' id='word_1_92' title='bbox 1088 1053 1333 1106; x_wconf 90' lang='lat' dir='ltr'><strong>animum</strong></span> <span class='ocrx_word' id='word_1_93' title='bbox 1367 1053 1612 1109; x_wconf 88' lang='lat' dir='ltr'><strong>inducat.</strong></span> 
     </span>
    </p>
   </div>
   <div class='ocr_carea' id='block_1_15' title="bbox 790 1139 2302 1214">
    <p class='ocr_par' dir='ltr' id='par_1_15' title="bbox 790 1139 2302 1214">
     <span class='ocr_line' id='line_1_15' title="bbox 790 1139 2302 1214; baseline 0.007 -22"><span class='ocrx_word' id='word_1_94' title='bbox 790 1139 878 1192; x_wconf 72' lang='lat'><strong>72.</strong></span> <span class='ocrx_word' id='word_1_95' title='bbox 920 1141 1066 1194; x_wconf 81' lang='lat' dir='ltr'><strong>Nihil</strong></span> <span class='ocrx_word' id='word_1_96' title='bbox 1099 1143 1283 1211; x_wconf 73' lang='lat' dir='ltr'><strong>plane,</strong></span> <span class='ocrx_word' id='word_1_97' title='bbox 1314 1159 1412 1197; x_wconf 90' lang='lat' dir='ltr'><strong>eos</strong></span> <span class='ocrx_word' id='word_1_98' title='bbox 1444 1145 1537 1213; x_wconf 85' lang='lat' dir='ltr'><strong>qui</strong></span> <span class='ocrx_word' id='word_1_99' title='bbox 1581 1144 1812 1214; x_wconf 83' lang='lat' dir='ltr'><strong>dispersi</strong></span> <span class='ocrx_word' id='word_1_100' title='bbox 1852 1155 2004 1212; x_wconf 90' lang='lat' dir='ltr'><strong>sunt,</strong></span> <span class='ocrx_word' id='word_1_101' title='bbox 2035 1147 2116 1201; x_wconf 87' lang='lat' dir='ltr'><strong>sic</strong></span> <span class='ocrx_word' id='word_1_102' title='bbox 2147 1149 2302 1204; x_wconf 92' lang='lat' dir='ltr'><strong>colli-</strong></span> 
     </span>
    </p>
   </div>
   <div class='ocr_carea' id='block_1_16' title="bbox 719 1229 2300 1309">
    <p class='ocr_par' dir='ltr' id='par_1_16' title="bbox 719 1229 2300 1309">
     <span class='ocr_line' id='line_1_16' title="bbox 719 1229 2300 1309; baseline 0.009 -26"><span class='ocrx_word' id='word_1_103' title='bbox 719 1229 799 1298; x_wconf 84' lang='lat' dir='ltr'><strong>git</strong></span> <span class='ocrx_word' id='word_1_104' title='bbox 850 1247 915 1286; x_wconf 94' lang='lat' dir='ltr'><strong>ac</strong></span> <span class='ocrx_word' id='word_1_105' title='bbox 959 1234 1264 1299; x_wconf 86' lang='lat' dir='ltr'><strong>consociat,</strong></span> <span class='ocrx_word' id='word_1_106' title='bbox 1305 1252 1578 1306; x_wconf 89' lang='lat' dir='ltr'><strong>unamque</strong></span> <span class='ocrx_word' id='word_1_107' title='bbox 1627 1238 1710 1292; x_wconf 89' lang='lat' dir='ltr'><strong>cis</strong></span> <span class='ocrx_word' id='word_1_108' title='bbox 1753 1238 1906 1309; x_wconf 81' lang='lat'><strong>551</strong></span> <span class='ocrx_word' id='word_1_109' title='bbox 1961 1241 2300 1296; x_wconf 86' lang='lat' dir='ltr'><strong>voluntatem</strong></span> 
     </span>
    </p>
   </div>
   <div class='ocr_carea' id='block_1_17' title="bbox 719 1325 2302 1404">
    <p class='ocr_par' dir='ltr' id='par_1_17' title="bbox 719 1325 2302 1404">
     <span class='ocr_line' id='line_1_17' title="bbox 719 1325 2302 1404; baseline 0.008 -27"><span class='ocrx_word' id='word_1_110' title='bbox 719 1325 1032 1379; x_wconf 73' lang='lat' dir='ltr'><strong>concordia:</strong></span> <span class='ocrx_word' id='word_1_111' title='bbox 1072 1342 1215 1381; x_wconf 88' lang='lat' dir='ltr'><strong>nexu</strong></span> <span class='ocrx_word' id='word_1_112' title='bbox 1249 1327 1475 1397; x_wconf 90' lang='lat' dir='ltr'><strong>aspirat,</strong></span> <span class='ocrx_word' id='word_1_113' title='bbox 1501 1344 1564 1383; x_wconf 92' lang='lat' dir='ltr'><strong>ac</strong></span> <span class='ocrx_word' id='word_1_114' title='bbox 1594 1330 1856 1394; x_wconf 79' lang='lat' dir='ltr'><strong>Charitas,</strong></span> <span class='ocrx_word' id='word_1_115' title='bbox 1893 1333 2050 1401; x_wconf 86' lang='lat' dir='ltr'><strong>cujus</strong></span> <span class='ocrx_word' id='word_1_116' title='bbox 2089 1333 2302 1404; x_wconf 82' lang='lat' dir='ltr'><strong>insigne</strong></span> 
     </span>
    </p>
   </div>
   <div class='ocr_carea' id='block_1_18' title="bbox 2471 1152 3990 1224">
    <p class='ocr_par' dir='ltr' id='par_1_18' title="bbox 2471 1152 3990 1224">
     <span class='ocr_line' id='line_1_18' title="bbox 2471 1152 3990 1224; baseline 0.001 -19"><span class='ocrx_word' id='word_1_117' title='bbox 2471 1152 2569 1222; x_wconf 85' lang='grc' dir='ltr'><strong>οβ’,</strong></span> <span class='ocrx_word' id='word_1_118' title='bbox 2616 1153 2783 1206; x_wconf 79' lang='grc' dir='ltr'>Οὐδὲν</span> <span class='ocrx_word' id='word_1_119' title='bbox 2820 1153 2989 1215; x_wconf 80' lang='grc' dir='ltr'><strong>ὅντως</strong></span> <span class='ocrx_word' id='word_1_120' title='bbox 3015 1152 3188 1218; x_wconf 72' lang='grc' dir='ltr'><strong>οὕτως</strong></span> <span class='ocrx_word' id='word_1_121' title='bbox 3210 1153 3286 1218; x_wconf 85' lang='grc' dir='ltr'><strong>ὼς</strong></span> <span class='ocrx_word' id='word_1_122' title='bbox 3315 1155 3350 1224; x_wconf 84' lang='grc' dir='ltr'><strong>ή</strong></span> <span class='ocrx_word' id='word_1_123' title='bbox 3387 1155 3577 1224; x_wconf 90' lang='grc' dir='ltr'>ἀγάπη</span> <span class='ocrx_word' id='word_1_124' title='bbox 3608 1155 3831 1221; x_wconf 75' lang='grc' dir='ltr'><strong>συνάγει</strong></span> <span class='ocrx_word' id='word_1_125' title='bbox 3858 1158 3990 1218; x_wconf 72' lang='grc' dir='ltr'>τοὺς</span> 
     </span>
    </p>
   </div>
   <div class='ocr_carea' id='block_1_19' title="bbox 2401 1244 3990 1316">
    <p class='ocr_par' dir='ltr' id='par_1_19' title="bbox 2401 1244 3990 1316">
     <span class='ocr_line' id='line_1_19' title="bbox 2401 1244 3990 1316; baseline 0 -19"><span class='ocrx_word' id='word_1_126' title='bbox 2401 1245 2910 1314; x_wconf 73' lang='grc' dir='ltr'><strong>ἐσκορπισμένους,</strong></span> <span class='ocrx_word' id='word_1_127' title='bbox 2962 1244 3056 1298; x_wconf 76' lang='grc' dir='ltr'><strong>καὶ</strong></span> <span class='ocrx_word' id='word_1_128' title='bbox 3115 1246 3245 1314; x_wconf 86' lang='grc' dir='ltr'><strong>μίαν</strong></span> <span class='ocrx_word' id='word_1_129' title='bbox 3275 1246 3460 1307; x_wconf 79' lang='grc' dir='ltr'>αὐτοῖς</span> <span class='ocrx_word' id='word_1_130' title='bbox 3514 1247 3843 1316; x_wconf 78' lang='grc' dir='ltr'><strong>δημιουργεῖ</strong></span> <span class='ocrx_word' id='word_1_131' title='bbox 3885 1246 3990 1313; x_wconf 70' lang='grc' dir='ltr'>τὴν</span> 
     </span>
    </p>
   </div>
   <div class='ocr_carea' id='block_1_20' title="bbox 2401 1333 3994 1409">
    <p class='ocr_par' dir='ltr' id='par_1_20' title="bbox 2401 1333 3994 1409">
     <span class='ocr_line' id='line_1_20' title="bbox 2401 1333 3994 1409; baseline 0 -21"><span class='ocrx_word' id='word_1_132' title='bbox 2401 1336 2630 1406; x_wconf 81' lang='grc' dir='ltr'><strong>γνώμην</strong></span> <span class='ocrx_word' id='word_1_133' title='bbox 2679 1336 2955 1406; x_wconf 75' lang='grc' dir='ltr'><strong>συμπνοία</strong></span> <span class='ocrx_word' id='word_1_134' title='bbox 2998 1337 3396 1407; x_wconf 78' lang='grc' dir='ltr'><strong>κρατουμένην,</strong></span> <span class='ocrx_word' id='word_1_135' title='bbox 3447 1333 3516 1409; x_wconf 78' lang='grc' dir='ltr'>ἧς</span> <span class='ocrx_word' id='word_1_136' title='bbox 3567 1338 3878 1407; x_wconf 74' lang='grc' dir='ltr'><strong>χαρακτὴρ,</strong></span> <span class='ocrx_word' id='word_1_137' title='bbox 3925 1337 3994 1388; x_wconf 81' lang='grc' dir='ltr'><strong>τδ</strong></span> 
     </span>
    </p>
   </div>
   <div class='ocr_carea' id='block_1_21' title="bbox 721 1415 2309 1499">
    <p class='ocr_par' dir='ltr' id='par_1_21' title="bbox 721 1415 2302 1492">
     <span class='ocr_line' id='line_1_21' title="bbox 721 1415 2302 1492; baseline 0.008 -26"><span class='ocrx_word' id='word_1_138' title='bbox 721 1426 787 1466; x_wconf 89' lang='lat' dir='ltr'><strong>ac</strong></span> <span class='ocrx_word' id='word_1_139' title='bbox 832 1421 992 1476; x_wconf 90' lang='lat' dir='ltr'><strong>nota,</strong></span> <span class='ocrx_word' id='word_1_140' title='bbox 1036 1415 1183 1482; x_wconf 91' lang='lat' dir='ltr'><strong>paris</strong></span> <span class='ocrx_word' id='word_1_141' title='bbox 1226 1415 1513 1484; x_wconf 80' lang='lat' dir='ltr'><strong>dignitatis</strong></span> <span class='ocrx_word' id='word_1_142' title='bbox 1560 1415 1729 1472; x_wconf 82' lang='lat' dir='ltr'><strong>decus</strong></span> <span class='ocrx_word' id='word_1_143' title='bbox 1768 1428 1873 1473; x_wconf 91' lang='lat' dir='ltr'><strong>est.</strong></span> <span class='ocrx_word' id='word_1_144' title='bbox 1912 1418 2071 1485; x_wconf 84' lang='lat' dir='ltr'><strong>Quod</strong></span> <span class='ocrx_word' id='word_1_145' title='bbox 2118 1422 2302 1492; x_wconf 87' lang='lat' dir='ltr'><strong>itaque</strong></span> 
     </span>
    </p>
   </div>
   <div class='ocr_carea' id='block_1_22' title="bbox 2412 1415 3992 1499">
    <p class='ocr_par' dir='ltr' id='par_1_22' title="bbox 2412 1428 3992 1499">
     <span class='ocr_line' id='line_1_22' title="bbox 2412 1428 3992 1499; baseline 0.001 -19"><span class='ocrx_word' id='word_1_146' title='bbox 2412 1429 2501 1497; x_wconf 78' lang='grc' dir='ltr'><strong>τῆς</strong></span> <span class='ocrx_word' id='word_1_147' title='bbox 2531 1430 2802 1499; x_wconf 74' lang='grc' dir='ltr'><strong>ἰσοτιμίας</strong></span> <span class='ocrx_word' id='word_1_148' title='bbox 2836 1429 3140 1498; x_wconf 85' lang='grc' dir='ltr'><strong>καθέστηκε</strong></span> <span class='ocrx_word' id='word_1_149' title='bbox 3195 1429 3411 1492; x_wconf 86' lang='grc' dir='ltr'><strong>κάλλος.</strong></span> <span class='ocrx_word' id='word_1_150' title='bbox 3457 1428 3669 1482; x_wconf 79' lang='grc' dir='ltr'><strong>Οὐκοῦν</strong></span> <span class='ocrx_word' id='word_1_151' title='bbox 3700 1429 3796 1497; x_wconf 85' lang='grc' dir='ltr'><strong>τῆς</strong></span> <span class='ocrx_word' id='word_1_152' title='bbox 3845 1430 3992 1482; x_wconf 81' lang='grc' dir='ltr'><strong>κατά</strong></span> 
     </span>
    </p>
   </div>
   <div class='ocr_carea' id='block_1_23' title="bbox 722 1503 2309 1587">
    <p class='ocr_par' dir='ltr' id='par_1_23' title="bbox 722 1503 2303 1584">
     <span class='ocr_line' id='line_1_23' title="bbox 722 1503 2303 1584; baseline 0.008 -28"><span class='ocrx_word' id='word_1_153' title='bbox 722 1503 892 1558; x_wconf 92' lang='lat' dir='ltr'><strong>animi</strong></span> <span class='ocrx_word' id='word_1_154' title='bbox 936 1504 1226 1560; x_wconf 78' lang='lat' dir='ltr'><strong>facultates</strong></span> <span class='ocrx_word' id='word_1_155' title='bbox 1273 1506 1438 1577; x_wconf 87' lang='lat' dir='ltr'><strong>(ratio</strong></span> <span class='ocrx_word' id='word_1_156' title='bbox 1480 1509 1715 1572; x_wconf 85' lang='lat' dir='ltr'><strong>scilicet,</strong></span> <span class='ocrx_word' id='word_1_157' title='bbox 1743 1510 1934 1580; x_wconf 90' lang='lat' dir='ltr'><strong>iraque</strong></span> <span class='ocrx_word' id='word_1_158' title='bbox 1983 1521 2038 1567; x_wconf 86' lang='lat' dir='ltr'><strong>et</strong></span> <span class='ocrx_word' id='word_1_159' title='bbox 2081 1515 2303 1584; x_wconf 87' lang='lat' dir='ltr'><strong>cupidi-</strong></span> 
     </span>
    </p>
   </div>
   <div class='ocr_carea' id='block_1_24' title="bbox 2412 1503 3992 1587">
    <p class='ocr_par' dir='ltr' id='par_1_24' title="bbox 2412 1516 3992 1587">
     <span class='ocr_line' id='line_1_24' title="bbox 2412 1516 3992 1587; baseline -0.001 -17"><span class='ocrx_word' id='word_1_160' title='bbox 2412 1517 2465 1570; x_wconf 77' lang='grc' dir='ltr'><strong>τὸ</strong></span> <span class='ocrx_word' id='word_1_161' title='bbox 2486 1517 2620 1572; x_wconf 75' lang='grc' dir='ltr'><strong>αὐτὸ</strong></span> <span class='ocrx_word' id='word_1_162' title='bbox 2645 1518 2773 1587; x_wconf 70' lang='grc' dir='ltr'><strong>περὶ</strong></span> <span class='ocrx_word' id='word_1_163' title='bbox 2797 1516 2864 1570; x_wconf 73' lang='grc' dir='ltr'>τά</span> <span class='ocrx_word' id='word_1_164' title='bbox 2891 1517 3009 1570; x_wconf 84' lang='grc' dir='ltr'>θεῖα</span> <span class='ocrx_word' id='word_1_165' title='bbox 3043 1516 3367 1587; x_wconf 81' lang='grc' dir='ltr'><strong>συναγωγῆς</strong></span> <span class='ocrx_word' id='word_1_166' title='bbox 3394 1534 3455 1570; x_wconf 84' lang='grc' dir='ltr'>τε</span> <span class='ocrx_word' id='word_1_167' title='bbox 3485 1518 3579 1572; x_wconf 82' lang='grc' dir='ltr'><strong>καὶ</strong></span> <span class='ocrx_word' id='word_1_168' title='bbox 3605 1517 3856 1579; x_wconf 84' lang='grc' dir='ltr'><strong>ἐνὼσεως</strong></span> <span class='ocrx_word' id='word_1_169' title='bbox 3877 1516 3992 1569; x_wconf 75' lang='grc' dir='ltr'><strong>τῶν</strong></span> 
     </span>
    </p>
   </div>
   <div class='ocr_carea' id='block_1_25' title="bbox 724 1595 2309 1678">
    <p class='ocr_par' dir='ltr' id='par_1_25' title="bbox 724 1595 2307 1672">
     <span class='ocr_line' id='line_1_25' title="bbox 724 1595 2307 1672; baseline 0.008 -24"><span class='ocrx_word' id='word_1_170' title='bbox 724 1595 830 1664; x_wconf 89' lang='lat' dir='ltr'><strong>tas)</strong></span> <span class='ocrx_word' id='word_1_171' title='bbox 865 1595 1013 1649; x_wconf 88' lang='lat' dir='ltr'><strong>circa</strong></span> <span class='ocrx_word' id='word_1_172' title='bbox 1061 1596 1248 1652; x_wconf 89' lang='lat' dir='ltr'><strong>divina</strong></span> <span class='ocrx_word' id='word_1_173' title='bbox 1291 1599 1347 1652; x_wconf 92' lang='lat' dir='ltr'><strong>in</strong></span> <span class='ocrx_word' id='word_1_174' title='bbox 1387 1615 1556 1654; x_wconf 90' lang='lat' dir='ltr'><strong>unum</strong></span> <span class='ocrx_word' id='word_1_175' title='bbox 1600 1611 2022 1672; x_wconf 82' lang='lat' dir='ltr'><strong>congregemur,</strong></span> <span class='ocrx_word' id='word_1_176' title='bbox 2062 1605 2307 1662; x_wconf 87' lang='lat' dir='ltr'><strong>charitas</strong></span> 
     </span>
    </p>
   </div>
   <div class='ocr_carea' id='block_1_26' title="bbox 2412 1595 3992 1678">
    <p class='ocr_par' dir='ltr' id='par_1_26' title="bbox 2412 1606 3992 1678">
     <span class='ocr_line' id='line_1_26' title="bbox 2412 1606 3992 1678; baseline 0 -19"><span class='ocrx_word' id='word_1_177' title='bbox 2412 1607 2652 1677; x_wconf 59' lang='grc' dir='ltr'>ψυχικῶν</span> <span class='ocrx_word' id='word_1_178' title='bbox 2683 1607 2986 1676; x_wconf 82' lang='grc' dir='ltr'>δυνάμεων·</span> <span class='ocrx_word' id='word_1_179' title='bbox 3021 1608 3293 1670; x_wconf 80' lang='grc' dir='ltr'><strong>τουτέστι,</strong></span> <span class='ocrx_word' id='word_1_180' title='bbox 3320 1607 3423 1676; x_wconf 75' lang='grc' dir='ltr'><strong>τῆς</strong></span> <span class='ocrx_word' id='word_1_181' title='bbox 3447 1606 3674 1678; x_wconf 79' lang='grc' dir='ltr'><strong>λογικῆς</strong></span> <span class='ocrx_word' id='word_1_182' title='bbox 3705 1610 3801 1661; x_wconf 79' lang='grc' dir='ltr'><strong>καὶ</strong></span> <span class='ocrx_word' id='word_1_183' title='bbox 3832 1608 3992 1676; x_wconf 85' lang='grc' dir='ltr'><strong>θυμι-</strong></span> 
     </span>
    </p>
   </div>
   <div class='ocr_carea' id='block_1_27' title="bbox 725 1688 2309 1770">
    <p class='ocr_par' dir='ltr' id='par_1_27' title="bbox 725 1688 2307 1760">
     <span class='ocr_line' id='line_1_27' title="bbox 725 1688 2307 1760; baseline 0.008 -21"><span class='ocrx_word' id='word_1_184' title='bbox 725 1688 781 1739; x_wconf 92' lang='lat' dir='ltr'><strong>in</strong></span> <span class='ocrx_word' id='word_1_185' title='bbox 817 1701 984 1740; x_wconf 88' lang='lat' dir='ltr'><strong>causa</strong></span> <span class='ocrx_word' id='word_1_186' title='bbox 1015 1696 1130 1753; x_wconf 89' lang='lat' dir='ltr'><strong>est;</strong></span> <span class='ocrx_word' id='word_1_187' title='bbox 1177 1705 1306 1758; x_wconf 90' lang='lat' dir='ltr'><strong>qua,</strong></span> <span class='ocrx_word' id='word_1_188' title='bbox 1340 1691 1434 1759; x_wconf 93' lang='lat' dir='ltr'><strong>qui</strong></span> <span class='ocrx_word' id='word_1_189' title='bbox 1467 1691 1580 1760; x_wconf 92' lang='lat' dir='ltr'><strong>jam</strong></span> <span class='ocrx_word' id='word_1_190' title='bbox 1617 1707 1738 1744; x_wconf 89' lang='lat' dir='ltr'><strong>eam</strong></span> <span class='ocrx_word' id='word_1_191' title='bbox 1770 1708 1894 1746; x_wconf 86' lang='lat' dir='ltr'><strong>cum</strong></span> <span class='ocrx_word' id='word_1_192' title='bbox 1930 1695 2040 1748; x_wconf 89' lang='lat' dir='ltr'><strong>Deo</strong></span> <span class='ocrx_word' id='word_1_193' title='bbox 2079 1695 2307 1752; x_wconf 86' lang='lat' dir='ltr'><strong>honoris</strong></span> 
     </span>
    </p>
   </div>
   <div class='ocr_carea' id='block_1_28' title="bbox 2412 1688 3990 1770">
    <p class='ocr_par' dir='ltr' id='par_1_28' title="bbox 2412 1698 3990 1770">
     <span class='ocr_line' id='line_1_28' title="bbox 2412 1698 3990 1770; baseline -0.001 -18"><span class='ocrx_word' id='word_1_194' title='bbox 2412 1700 2509 1767; x_wconf 83' lang='grc' dir='ltr'><strong>κῆς</strong></span> <span class='ocrx_word' id='word_1_195' title='bbox 2539 1700 2632 1751; x_wconf 70' lang='grc' dir='ltr'><strong>καὶ</strong></span> <span class='ocrx_word' id='word_1_196' title='bbox 2661 1698 3100 1769; x_wconf 77' lang='grc' dir='ltr'><strong>ἐπιθυμητικῆς,</strong></span> <span class='ocrx_word' id='word_1_197' title='bbox 3144 1701 3178 1770; x_wconf 87' lang='grc' dir='ltr'><strong>ή</strong></span> <span class='ocrx_word' id='word_1_198' title='bbox 3210 1699 3400 1769; x_wconf 81' lang='grc' dir='ltr'>ἀγάπη</span> <span class='ocrx_word' id='word_1_199' title='bbox 3438 1699 3747 1769; x_wconf 85' lang='grc' dir='ltr'>καθέστηκε</span> <span class='ocrx_word' id='word_1_200' title='bbox 3789 1700 3990 1767; x_wconf 74' lang='grc' dir='ltr'>γέννη·</span> 
     </span>
    </p>
   </div>
   <div class='ocr_carea' id='block_1_29' title="bbox 721 1775 2309 1862">
    <p class='ocr_par' dir='ltr' id='par_1_29' title="bbox 721 1775 2307 1848">
     <span class='ocr_line' id='line_1_29' title="bbox 721 1775 2307 1848; baseline 0.007 -18"><span class='ocrx_word' id='word_1_201' title='bbox 721 1775 1094 1844; x_wconf 75' lang='lat' dir='ltr'><strong>aequalitatem</strong></span> <span class='ocrx_word' id='word_1_202' title='bbox 1147 1793 1247 1846; x_wconf 91' lang='lat' dir='ltr'><strong>per</strong></span> <span class='ocrx_word' id='word_1_203' title='bbox 1293 1778 1525 1848; x_wconf 81' lang='lat' dir='ltr'><strong>gratiam</strong></span> <span class='ocrx_word' id='word_1_204' title='bbox 1565 1783 1847 1834; x_wconf 91' lang='lat' dir='ltr'><strong>consecuti</strong></span> <span class='ocrx_word' id='word_1_205' title='bbox 1896 1793 2053 1846; x_wconf 91' lang='lat' dir='ltr'><strong>sunt,</strong></span> <span class='ocrx_word' id='word_1_206' title='bbox 2095 1787 2307 1842; x_wconf 84' lang='lat' dir='ltr'><strong>indele-</strong></span> 
     </span>
    </p>
   </div>
   <div class='ocr_carea' id='block_1_30' title="bbox 2412 1775 3991 1862">
    <p class='ocr_par' dir='ltr' id='par_1_30' title="bbox 2413 1789 3991 1862">
     <span class='ocr_line' id='line_1_30' title="bbox 2413 1789 3991 1862; baseline -0.001 -20"><span class='ocrx_word' id='word_1_207' title='bbox 2413 1807 2509 1860; x_wconf 87' lang='grc' dir='ltr'><strong>μα·</strong></span> <span class='ocrx_word' id='word_1_208' title='bbox 2565 1790 2692 1843; x_wconf 83' lang='grc' dir='ltr'><strong>καθ’</strong></span> <span class='ocrx_word' id='word_1_209' title='bbox 2737 1792 2805 1862; x_wconf 82' lang='grc' dir='ltr'><strong>ήν</strong></span> <span class='ocrx_word' id='word_1_210' title='bbox 2839 1790 3212 1859; x_wconf 74' lang='grc' dir='ltr'><strong>ἐγγράφοντες</strong></span> <span class='ocrx_word' id='word_1_211' title='bbox 3251 1793 3318 1860; x_wconf 83' lang='grc' dir='ltr'><strong>τῇ</strong></span> <span class='ocrx_word' id='word_1_212' title='bbox 3362 1791 3553 1860; x_wconf 81' lang='grc' dir='ltr'>μνήμῃ</span> <span class='ocrx_word' id='word_1_213' title='bbox 3591 1790 3655 1842; x_wconf 81' lang='grc' dir='ltr'><strong>τὸ</strong></span> <span class='ocrx_word' id='word_1_214' title='bbox 3691 1791 3793 1858; x_wconf 83' lang='grc' dir='ltr'><strong>τῆς</strong></span> <span class='ocrx_word' id='word_1_215' title='bbox 3834 1789 3991 1852; x_wconf 81' lang='grc' dir='ltr'><strong>θείας</strong></span> 
     </span>
    </p>
   </div>
   <div class='ocr_carea' id='block_1_31' title="bbox 723 1848 2309 1952">
    <p class='ocr_par' dir='ltr' id='par_1_31' title="bbox 723 1867 2302 1942">
     <span class='ocr_line' id='line_1_31' title="bbox 723 1867 2302 1942; baseline 0.009 -22"><span class='ocrx_word' id='word_1_216' title='bbox 723 1867 892 1923; x_wconf 86' lang='lat' dir='ltr'><strong>bilem</strong></span> <span class='ocrx_word' id='word_1_217' title='bbox 940 1868 1141 1924; x_wconf 68' lang='lat' dir='ltr'><strong>divina:</strong></span> <span class='ocrx_word' id='word_1_218' title='bbox 1189 1869 1504 1926; x_wconf 86' lang='lat' dir='ltr'><strong>dilectionis</strong></span> <span class='ocrx_word' id='word_1_219' title='bbox 1550 1873 1944 1942; x_wconf 80' lang='lat' dir='ltr'><strong>cupiditatem,</strong></span> <span class='ocrx_word' id='word_1_220' title='bbox 1996 1877 2302 1934; x_wconf 84' lang='lat' dir='ltr'><strong>immortale</strong></span> 
     </span>
    </p>
   </div>
   <div class='ocr_carea' id='block_1_32' title="bbox 2412 1848 3993 1952">
    <p class='ocr_par' dir='ltr' id='par_1_32' title="bbox 2412 1848 3993 1952">
     <span class='ocr_line' id='line_1_32' title="bbox 2412 1848 3993 1952; baseline -0.001 -19"><span class='ocrx_word' id='word_1_221' title='bbox 2412 1848 2740 1950; x_wconf 60' lang='lat' dir='ltr'><strong>ibpaté&#39;tqm;</strong></span> <span class='ocrx_word' id='word_1_222' title='bbox 2759 1848 3006 1946; x_wconf 61' lang='grc' dir='ltr'><strong>ἰκάλλος,</strong></span> <span class='ocrx_word' id='word_1_223' title='bbox 3031 1848 3103 1934; x_wconf 70' lang='grc' dir='ltr'><strong>ὀί</strong></span> <span class='ocrx_word' id='word_1_224' title='bbox 3133 1848 3207 1934; x_wconf 67' lang='grc' dir='ltr'><strong>τὸ⁷</strong></span> <span class='ocrx_word' id='word_1_225' title='bbox 3528 1848 3650 1951; x_wconf 43' lang='grc' dir='ltr'>’ήδη</span> 
     </span>
    </p>
   </div>
   <div class='ocr_carea' id='block_1_33' title="bbox 724 1961 2309 2044">
    <p class='ocr_par' dir='ltr' id='par_1_33' title="bbox 724 1961 2301 2040">
     <span class='ocr_line' id='line_1_33' title="bbox 724 1961 2301 2040; baseline 0.008 -25"><span class='ocrx_word' id='word_1_226' title='bbox 724 1961 898 2018; x_wconf 82' lang='lat' dir='ltr'><strong>decus</strong></span> <span class='ocrx_word' id='word_1_227' title='bbox 927 1965 1322 2032; x_wconf 87' lang='lat' dir='ltr'><strong>perscrihentis</strong></span> <span class='ocrx_word' id='word_1_228' title='bbox 1353 1981 1417 2019; x_wconf 91' lang='lat' dir='ltr'><strong>ac</strong></span> <span class='ocrx_word' id='word_1_229' title='bbox 1443 1967 1722 2020; x_wconf 86' lang='lat' dir='ltr'><strong>exarantis</strong></span> <span class='ocrx_word' id='word_1_230' title='bbox 1757 1967 1812 2021; x_wconf 87' lang='lat' dir='ltr'><strong>in</strong></span> <span class='ocrx_word' id='word_1_231' title='bbox 1850 1969 2102 2040; x_wconf 86' lang='lat' dir='ltr'><strong>principe</strong></span> <span class='ocrx_word' id='word_1_232' title='bbox 2132 1972 2301 2026; x_wconf 88' lang='lat' dir='ltr'><strong>animi</strong></span> 
     </span>
    </p>
   </div>
   <div class='ocr_carea' id='block_1_34' title="bbox 2412 1961 3992 2044">
    <p class='ocr_par' dir='ltr' id='par_1_34' title="bbox 2412 1973 3992 2044">
     <span class='ocr_line' id='line_1_34' title="bbox 2412 1973 3992 2044; baseline -0.001 -18"><span class='ocrx_word' id='word_1_233' title='bbox 2412 1973 2492 2026; x_wconf 77' lang='grc' dir='ltr'><strong>διὰ</strong></span> <span class='ocrx_word' id='word_1_234' title='bbox 2540 1974 2639 2042; x_wconf 83' lang='grc' dir='ltr'><strong>τῆς</strong></span> <span class='ocrx_word' id='word_1_235' title='bbox 2686 1973 2910 2044; x_wconf 87' lang='grc' dir='ltr'>χάριτος</span> <span class='ocrx_word' id='word_1_236' title='bbox 2945 1973 3330 2044; x_wconf 85' lang='grc' dir='ltr'><strong>κομισάμενοι,</strong></span> <span class='ocrx_word' id='word_1_237' title='bbox 3372 1974 3730 2043; x_wconf 68' lang='grc' dir='ltr'>ἀνεπίληπτον</span> <span class='ocrx_word' id='word_1_238' title='bbox 3778 1973 3992 2042; x_wconf 75' lang='grc' dir='ltr'><strong>έχουσι·</strong></span> 
     </span>
    </p>
   </div>
   <div class='ocr_carea' id='block_1_35' title="bbox 725 2052 2309 2138">
    <p class='ocr_par' dir='ltr' id='par_1_35' title="bbox 725 2052 1627 2122">
     <span class='ocr_line' id='line_1_35' title="bbox 725 2052 1627 2122; baseline -0.001 -16"><span class='ocrx_word' id='word_1_239' title='bbox 725 2062 878 2121; x_wconf 90' lang='lat' dir='ltr'><strong>parte</strong></span> <span class='ocrx_word' id='word_1_240' title='bbox 911 2052 986 2122; x_wconf 91' lang='lat' dir='ltr'><strong>(id</strong></span> <span class='ocrx_word' id='word_1_241' title='bbox 1019 2062 1124 2118; x_wconf 91' lang='lat' dir='ltr'><strong>est,</strong></span> <span class='ocrx_word' id='word_1_242' title='bbox 1159 2054 1362 2121; x_wconf 89' lang='lat' dir='ltr'><strong>mente)</strong></span> <span class='ocrx_word' id='word_1_243' title='bbox 1400 2053 1627 2108; x_wconf 84' lang='lat' dir='ltr'><strong>habent.</strong></span> 
     </span>
    </p>
   </div>
   <div class='ocr_carea' id='block_1_36' title="bbox 2412 2052 3996 2138">
    <p class='ocr_par' dir='ltr' id='par_1_36' title="bbox 2412 2066 3996 2138">
     <span class='ocr_line' id='line_1_36' title="bbox 2412 2066 3996 2138; baseline -0.018 5"><span class='ocrx_word' id='word_1_244' title='bbox 2412 2068 2502 2135; x_wconf 69' lang='grc' dir='ltr'><strong>τῆς</strong></span> <span class='ocrx_word' id='word_1_245' title='bbox 2533 2066 2612 2136; x_wconf 74' lang='grc' dir='ltr'><strong>τῷ</strong></span> <span class='ocrx_word' id='word_1_246' title='bbox 2640 2068 2952 2138; x_wconf 74' lang='grc' dir='ltr'><strong>ἡγεμονικῷ</strong></span> <span class='ocrx_word' id='word_1_247' title='bbox 2980 2067 3283 2137; x_wconf 64' lang='grc' dir='ltr'><strong>τῆςιψυχῆς</strong></span> <span class='ocrx_word' id='word_1_248' title='bbox 3307 2067 3996 2137; x_wconf 72' lang='grc' dir='ltr'><strong>ὑπομνηματογραφοὺσης</strong></span> 
     </span>
    </p>
   </div>
   <div class='ocr_carea' id='block_1_37' title="bbox 2405 2157 3996 2230">
    <p class='ocr_par' dir='ltr' id='par_1_37' title="bbox 2405 2157 3996 2230">
     <span class='ocr_line' id='line_1_37' title="bbox 2405 2157 3996 2230; baseline -0.001 -20"><span class='ocrx_word' id='word_1_249' title='bbox 2405 2174 2464 2210; x_wconf 85' lang='grc' dir='ltr'>τε</span> <span class='ocrx_word' id='word_1_250' title='bbox 2513 2159 2609 2210; x_wconf 73' lang='grc' dir='ltr'><strong>καὶ</strong></span> <span class='ocrx_word' id='word_1_251' title='bbox 2641 2157 2977 2228; x_wconf 79' lang='grc' dir='ltr'>ἐντυπούσης</span> <span class='ocrx_word' id='word_1_252' title='bbox 3013 2158 3075 2210; x_wconf 74' lang='grc' dir='ltr'><strong>τὸ</strong></span> <span class='ocrx_word' id='word_1_253' title='bbox 3103 2159 3381 2230; x_wconf 83' lang='grc' dir='ltr'><strong>ἀκήρατον</strong></span> <span class='ocrx_word' id='word_1_254' title='bbox 3431 2158 3656 2220; x_wconf 81' lang='grc' dir='ltr'><strong>κάλλος,</strong></span> <span class='ocrx_word' id='word_1_255' title='bbox 3709 2158 3809 2227; x_wconf 81' lang='grc' dir='ltr'><strong>τῆς</strong></span> <span class='ocrx_word' id='word_1_256' title='bbox 3837 2157 3996 2219; x_wconf 49' lang='lat' dir='ltr'><strong>Oeta;</strong></span> 
     </span>
    </p>
   </div>
   <div class='ocr_carea' id='block_1_38' title="bbox 2283 2248 3006 2322">
    <p class='ocr_par' dir='ltr' id='par_1_38' title="bbox 2289 2248 3006 2318">
     <span class='ocr_line' id='line_1_38' title="bbox 2289 2248 3006 2318; baseline 0.001 -18"><span class='ocrx_word' id='word_1_257' title='bbox 2405 2249 2625 2318; x_wconf 78' lang='grc' dir='ltr'>ἀγάπης</span> <span class='ocrx_word' id='word_1_258' title='bbox 2671 2249 2766 2318; x_wconf 80' lang='grc' dir='ltr'><strong>τὴν</strong></span> <span class='ocrx_word' id='word_1_259' title='bbox 2798 2248 3006 2313; x_wconf 76' lang='grc' dir='ltr'>ἔφεσιν.</span> 
     </span>
    </p>
   </div>
   <div class='ocr_carea' id='block_1_39' title="bbox 793 2321 2309 2409">
    <p class='ocr_par' dir='ltr' id='par_1_39' title="bbox 793 2321 2303 2395">
     <span class='ocr_line' id='line_1_39' title="bbox 793 2321 2303 2395; baseline 0.008 -20"><span class='ocrx_word' id='word_1_260' title='bbox 793 2321 880 2376; x_wconf 77' lang='lat'><strong>73.</strong></span> <span class='ocrx_word' id='word_1_261' title='bbox 930 2323 1083 2378; x_wconf 84' lang='lat' dir='ltr'><strong>Mens</strong></span> <span class='ocrx_word' id='word_1_262' title='bbox 1126 2325 1308 2378; x_wconf 87' lang='lat' dir='ltr'><strong>onmis</strong></span> <span class='ocrx_word' id='word_1_263' title='bbox 1342 2324 1531 2378; x_wconf 91' lang='lat' dir='ltr'><strong>divino</strong></span> <span class='ocrx_word' id='word_1_264' title='bbox 1577 2327 1825 2380; x_wconf 85' lang='lat' dir='ltr'><strong>accincta</strong></span> <span class='ocrx_word' id='word_1_265' title='bbox 1869 2329 2090 2395; x_wconf 87' lang='lat' dir='ltr'><strong>robore,</strong></span> <span class='ocrx_word' id='word_1_266' title='bbox 2130 2332 2303 2387; x_wconf 91' lang='lat' dir='ltr'><strong>veluti</strong></span> 
     </span>
    </p>
   </div>
   <div class='ocr_carea' id='block_1_40' title="bbox 2412 2321 3999 2409">
    <p class='ocr_par' dir='ltr' id='par_1_40' title="bbox 2412 2336 3999 2409">
     <span class='ocr_line' id='line_1_40' title="bbox 2412 2336 3999 2409; baseline -0.002 -17"><span class='ocrx_word' id='word_1_267' title='bbox 2412 2336 2415 2340; x_wconf 70' lang='grc'><em>’</em></span> <span class='ocrx_word' id='word_1_268' title='bbox 2475 2346 2575 2407; x_wconf 89' lang='grc' dir='ltr'>ογ’.</span> <span class='ocrx_word' id='word_1_269' title='bbox 2612 2340 2726 2402; x_wconf 77' lang='grc' dir='ltr'><strong>Πᾶς</strong></span> <span class='ocrx_word' id='word_1_270' title='bbox 2755 2339 2878 2403; x_wconf 83' lang='grc' dir='ltr'><strong>νοῦς</strong></span> <span class='ocrx_word' id='word_1_271' title='bbox 2910 2339 3040 2409; x_wconf 85' lang='grc' dir='ltr'><strong>θείῳ</strong></span> <span class='ocrx_word' id='word_1_272' title='bbox 3091 2338 3283 2409; x_wconf 88' lang='grc' dir='ltr'>κράτει</span> <span class='ocrx_word' id='word_1_273' title='bbox 3315 2337 3698 2406; x_wconf 78' lang='grc' dir='ltr'><strong>διεζωσμένος,</strong></span> <span class='ocrx_word' id='word_1_274' title='bbox 3733 2337 3999 2405; x_wconf 82' lang='grc' dir='ltr'><strong>καθάπερ</strong></span> 
     </span>
    </p>
   </div>
   <div class='ocr_carea' id='block_1_41' title="bbox 724 2415 2309 2502">
    <p class='ocr_par' dir='ltr' id='par_1_41' title="bbox 724 2415 2306 2484">
     <span class='ocr_line' id='line_1_41' title="bbox 724 2415 2306 2484; baseline 0.006 -15"><span class='ocrx_word' id='word_1_275' title='bbox 724 2415 977 2469; x_wconf 76' lang='lat' dir='ltr'><strong>seniores</strong></span> <span class='ocrx_word' id='word_1_276' title='bbox 1026 2415 1293 2484; x_wconf 87' lang='lat' dir='ltr'><strong>quosdam</strong></span> <span class='ocrx_word' id='word_1_277' title='bbox 1341 2432 1406 2470; x_wconf 93' lang='lat' dir='ltr'><strong>ae</strong></span> <span class='ocrx_word' id='word_1_278' title='bbox 1459 2417 1660 2480; x_wconf 89' lang='lat' dir='ltr'><strong>duces,</strong></span> <span class='ocrx_word' id='word_1_279' title='bbox 1709 2429 1821 2473; x_wconf 92' lang='lat' dir='ltr'><strong>tum</strong></span> <span class='ocrx_word' id='word_1_280' title='bbox 1869 2422 2101 2477; x_wconf 86' lang='lat' dir='ltr'><strong>rationis</strong></span> <span class='ocrx_word' id='word_1_281' title='bbox 2141 2424 2306 2480; x_wconf 78' lang='lat' dir='ltr'><strong>habet</strong></span> 
     </span>
    </p>
   </div>
   <div class='ocr_carea' id='block_1_42' title="bbox 2412 2415 4000 2502">
    <p class='ocr_par' dir='ltr' id='par_1_42' title="bbox 2412 2431 4000 2502">
     <span class='ocr_line' id='line_1_42' title="bbox 2412 2431 4000 2502; baseline -0.004 -17"><span class='ocrx_word' id='word_1_282' title='bbox 2412 2433 2813 2502; x_wconf 74' lang='grc' dir='ltr'><strong>πρεσϐυτέρους</strong></span> <span class='ocrx_word' id='word_1_283' title='bbox 2843 2433 2997 2495; x_wconf 77' lang='grc' dir='ltr'>τινὰς</span> <span class='ocrx_word' id='word_1_284' title='bbox 3033 2433 3122 2485; x_wconf 77' lang='grc' dir='ltr'><strong>καὶ</strong></span> <span class='ocrx_word' id='word_1_285' title='bbox 3164 2432 3430 2501; x_wconf 78' lang='grc' dir='ltr'>ἄρχοντας</span> <span class='ocrx_word' id='word_1_286' title='bbox 3478 2431 3758 2497; x_wconf 85' lang='grc' dir='ltr'>κέκτηται.</span> <span class='ocrx_word' id='word_1_287' title='bbox 3797 2431 3899 2497; x_wconf 80' lang='grc' dir='ltr'>τήν</span> <span class='ocrx_word' id='word_1_288' title='bbox 3933 2444 4000 2480; x_wconf 82' lang='grc' dir='ltr'><strong>τε</strong></span> 
     </span>
    </p>
   </div>
   <div class='ocr_carea' id='block_1_43' title="bbox 727 2506 2309 2594">
    <p class='ocr_par' dir='ltr' id='par_1_43' title="bbox 727 2506 2302 2585">
     <span class='ocr_line' id='line_1_43' title="bbox 727 2506 2302 2585; baseline 0.007 -25"><span class='ocrx_word' id='word_1_289' title='bbox 727 2507 1044 2562; x_wconf 81' lang='lat' dir='ltr'><strong>facultatem</strong></span> <span class='ocrx_word' id='word_1_290' title='bbox 1084 2506 1169 2574; x_wconf 90' lang='lat' dir='ltr'><strong>(ex</strong></span> <span class='ocrx_word' id='word_1_291' title='bbox 1219 2523 1324 2576; x_wconf 91' lang='lat' dir='ltr'><strong>qua</strong></span> <span class='ocrx_word' id='word_1_292' title='bbox 1372 2507 1508 2562; x_wconf 90' lang='lat' dir='ltr'><strong>ﬁdes</strong></span> <span class='ocrx_word' id='word_1_293' title='bbox 1565 2514 1680 2578; x_wconf 81' lang='lat' dir='ltr'><strong>ipsa</strong></span> <span class='ocrx_word' id='word_1_294' title='bbox 1731 2511 1891 2566; x_wconf 92' lang='lat' dir='ltr'><strong>docta</strong></span> <span class='ocrx_word' id='word_1_295' title='bbox 1944 2514 2302 2585; x_wconf 89' lang='lat' dir='ltr'><strong>sapiensque,</strong></span> 
     </span>
    </p>
   </div>
   <div class='ocr_carea' id='block_1_44' title="bbox 2412 2506 4000 2594">
    <p class='ocr_par' dir='ltr' id='par_1_44' title="bbox 2412 2517 4000 2594">
     <span class='ocr_line' id='line_1_44' title="bbox 2412 2517 4000 2594; baseline -0.006 -16"><span class='ocrx_word' id='word_1_296' title='bbox 2412 2524 2632 2594; x_wconf 79' lang='grc' dir='ltr'>λογικήν</span> <span class='ocrx_word' id='word_1_297' title='bbox 2667 2523 2918 2594; x_wconf 82' lang='grc' dir='ltr'>δύναμιν,</span> <span class='ocrx_word' id='word_1_298' title='bbox 2955 2523 3011 2588; x_wconf 79' lang='grc' dir='ltr'><strong>ἐξ</strong></span> <span class='ocrx_word' id='word_1_299' title='bbox 3062 2517 3187 2593; x_wconf 83' lang='grc' dir='ltr'>ἦςή</span> <span class='ocrx_word' id='word_1_300' title='bbox 3227 2521 3502 2590; x_wconf 83' lang='grc' dir='ltr'><strong>γνωστικὴ</strong></span> <span class='ocrx_word' id='word_1_301' title='bbox 3558 2519 3851 2587; x_wconf 77' lang='grc' dir='ltr'>γεννᾶσθαι</span> <span class='ocrx_word' id='word_1_302' title='bbox 3892 2518 4000 2570; x_wconf 85' lang='grc' dir='ltr'><strong>πέ-</strong></span> 
     </span>
    </p>
   </div>
   <div class='ocr_carea' id='block_1_45' title="bbox 727 2601 2309 2685">
    <p class='ocr_par' dir='ltr' id='par_1_45' title="bbox 727 2601 2306 2672">
     <span class='ocr_line' id='line_1_45' title="bbox 727 2601 2306 2672; baseline 0.004 -20"><span class='ocrx_word' id='word_1_303' title='bbox 727 2615 836 2668; x_wconf 91' lang='lat' dir='ltr'><strong>qua</strong></span> <span class='ocrx_word' id='word_1_304' title='bbox 869 2615 1088 2668; x_wconf 83' lang='lat' dir='ltr'><strong>semper</strong></span> <span class='ocrx_word' id='word_1_305' title='bbox 1125 2601 1294 2654; x_wconf 92' lang='lat' dir='ltr'><strong>Deum</strong></span> <span class='ocrx_word' id='word_1_306' title='bbox 1343 2617 1542 2655; x_wconf 90' lang='lat' dir='ltr'><strong>arcana</strong></span> <span class='ocrx_word' id='word_1_307' title='bbox 1585 2602 1795 2657; x_wconf 89' lang='lat' dir='ltr'><strong>ratione</strong></span> <span class='ocrx_word' id='word_1_308' title='bbox 1836 2614 2159 2672; x_wconf 66' lang='lat' dir='ltr'><strong>praesentem</strong></span> <span class='ocrx_word' id='word_1_309' title='bbox 2208 2606 2306 2659; x_wconf 92' lang='lat' dir='ltr'><strong>do-</strong></span> 
     </span>
    </p>
   </div>
   <div class='ocr_carea' id='block_1_46' title="bbox 2412 2601 4002 2685">
    <p class='ocr_par' dir='ltr' id='par_1_46' title="bbox 2412 2609 4002 2685">
     <span class='ocr_line' id='line_1_46' title="bbox 2412 2609 4002 2685; baseline -0.007 -17"><span class='ocrx_word' id='word_1_310' title='bbox 2412 2633 2546 2684; x_wconf 80' lang='grc' dir='ltr'><strong>φυκε</strong></span> <span class='ocrx_word' id='word_1_311' title='bbox 2582 2617 2785 2678; x_wconf 81' lang='grc' dir='ltr'><strong>πίστις,</strong></span> <span class='ocrx_word' id='word_1_312' title='bbox 2819 2615 2939 2667; x_wconf 83' lang='grc' dir='ltr'><strong>καθ’</strong></span> <span class='ocrx_word' id='word_1_313' title='bbox 2961 2614 3027 2685; x_wconf 78' lang='grc' dir='ltr'><strong>ἣν</strong></span> <span class='ocrx_word' id='word_1_314' title='bbox 3057 2614 3143 2667; x_wconf 79' lang='grc' dir='ltr'><strong>ἀεὶ</strong></span> <span class='ocrx_word' id='word_1_315' title='bbox 3175 2611 3421 2681; x_wconf 78' lang='grc' dir='ltr'><strong>παρόντα</strong></span> <span class='ocrx_word' id='word_1_316' title='bbox 3452 2611 3542 2664; x_wconf 77' lang='grc' dir='ltr'><strong>τὸν</strong></span> <span class='ocrx_word' id='word_1_317' title='bbox 3566 2611 3696 2662; x_wconf 76' lang='grc' dir='ltr'>Θεὸν</span> <span class='ocrx_word' id='word_1_318' title='bbox 3734 2609 4002 2679; x_wconf 71' lang='grc' dir='ltr'>ἀρρήτως</span> 
     </span>
    </p>
   </div>
   <div class='ocr_carea' id='block_1_47' title="bbox 726 2693 2309 2777">
    <p class='ocr_par' dir='ltr' id='par_1_47' title="bbox 726 2693 2301 2762">
     <span class='ocr_line' id='line_1_47' title="bbox 726 2693 2301 2762; baseline 0.004 -17"><span class='ocrx_word' id='word_1_319' title='bbox 726 2703 906 2755; x_wconf 89' lang='lat' dir='ltr'><strong>eetur,</strong></span> <span class='ocrx_word' id='word_1_320' title='bbox 950 2693 1176 2762; x_wconf 81' lang='lat' dir='ltr'><strong>speique</strong></span> <span class='ocrx_word' id='word_1_321' title='bbox 1227 2709 1456 2748; x_wconf 89' lang='lat' dir='ltr'><strong>munere</strong></span> <span class='ocrx_word' id='word_1_322' title='bbox 1503 2695 1583 2748; x_wconf 91' lang='lat' dir='ltr'><strong>sic</strong></span> <span class='ocrx_word' id='word_1_323' title='bbox 1617 2710 1742 2748; x_wconf 90' lang='lat' dir='ltr'><strong>cum</strong></span> <span class='ocrx_word' id='word_1_324' title='bbox 1787 2694 1991 2750; x_wconf 87' lang='lat' dir='ltr'><strong>futuris</strong></span> <span class='ocrx_word' id='word_1_325' title='bbox 2027 2709 2301 2761; x_wconf 88' lang='lat' dir='ltr'><strong>versatur,</strong></span> 
     </span>
    </p>
   </div>
   <div class='ocr_carea' id='block_1_48' title="bbox 2412 2693 4007 2777">
    <p class='ocr_par' dir='ltr' id='par_1_48' title="bbox 2412 2698 4007 2777">
     <span class='ocr_line' id='line_1_48' title="bbox 2412 2698 4007 2777; baseline -0.008 -15"><span class='ocrx_word' id='word_1_326' title='bbox 2412 2709 2745 2771; x_wconf 84' lang='grc' dir='ltr'><strong>διδάσκεται,</strong></span> <span class='ocrx_word' id='word_1_327' title='bbox 2795 2711 2890 2760; x_wconf 74' lang='grc' dir='ltr'><strong>καὶ</strong></span> <span class='ocrx_word' id='word_1_328' title='bbox 2935 2708 3010 2770; x_wconf 83' lang='grc' dir='ltr'><strong>ὼς</strong></span> <span class='ocrx_word' id='word_1_329' title='bbox 3045 2706 3282 2777; x_wconf 80' lang='grc' dir='ltr'><strong>παροῦσι</strong></span> <span class='ocrx_word' id='word_1_330' title='bbox 3319 2704 3634 2772; x_wconf 83' lang='grc' dir='ltr'>συγγίνεται</span> <span class='ocrx_word' id='word_1_331' title='bbox 3657 2702 3744 2755; x_wconf 73' lang='grc' dir='ltr'>διὰ</span> <span class='ocrx_word' id='word_1_332' title='bbox 3779 2703 3880 2769; x_wconf 76' lang='grc' dir='ltr'><strong>τῆς</strong></span> <span class='ocrx_word' id='word_1_333' title='bbox 3909 2698 4007 2750; x_wconf 48' lang='lat' dir='ltr'><strong>sp</strong></span> 
     </span>
    </p>
   </div>
   <div class='ocr_carea' id='block_1_49' title="bbox 726 2783 2309 2869">
    <p class='ocr_par' dir='ltr' id='par_1_49' title="bbox 726 2783 2304 2856">
     <span class='ocr_line' id='line_1_49' title="bbox 726 2783 2304 2856; baseline 0.004 -20"><span class='ocrx_word' id='word_1_334' title='bbox 726 2799 790 2837; x_wconf 93' lang='lat' dir='ltr'><strong>ac</strong></span> <span class='ocrx_word' id='word_1_335' title='bbox 827 2783 870 2837; x_wconf 89' lang='lat' dir='ltr'><strong>si</strong></span> <span class='ocrx_word' id='word_1_336' title='bbox 900 2785 1008 2855; x_wconf 91' lang='lat' dir='ltr'><strong>jam</strong></span> <span class='ocrx_word' id='word_1_337' title='bbox 1043 2795 1243 2852; x_wconf 67' lang='lat' dir='ltr'><strong>praesto</strong></span> <span class='ocrx_word' id='word_1_338' title='bbox 1272 2785 1504 2855; x_wconf 88' lang='lat' dir='ltr'><strong>essent),</strong></span> <span class='ocrx_word' id='word_1_339' title='bbox 1553 2793 1667 2838; x_wconf 90' lang='lat' dir='ltr'><strong>tum</strong></span> <span class='ocrx_word' id='word_1_340' title='bbox 1703 2787 2019 2855; x_wconf 86' lang='lat' dir='ltr'><strong>cupiditatis</strong></span> <span class='ocrx_word' id='word_1_341' title='bbox 2065 2786 2192 2856; x_wconf 88' lang='lat' dir='ltr'><strong>(qua</strong></span> <span class='ocrx_word' id='word_1_342' title='bbox 2218 2788 2304 2842; x_wconf 90' lang='lat' dir='ltr'><strong>di-</strong></span> 
     </span>
    </p>
   </div>
   <div class='ocr_carea' id='block_1_50' title="bbox 2412 2783 4006 2869">
    <p class='ocr_par' dir='ltr' id='par_1_50' title="bbox 2412 2793 4006 2869">
     <span class='ocr_line' id='line_1_50' title="bbox 2412 2793 4006 2869; baseline -0.006 -16"><span class='ocrx_word' id='word_1_343' title='bbox 2412 2801 2560 2864; x_wconf 79' lang='grc' dir='ltr'><strong>πίδος</strong></span> <span class='ocrx_word' id='word_1_344' title='bbox 2589 2801 2702 2863; x_wconf 78' lang='grc' dir='ltr'>τοῖς</span> <span class='ocrx_word' id='word_1_345' title='bbox 2751 2799 3040 2869; x_wconf 79' lang='grc' dir='ltr'><strong>μέλλουσιο</strong></span> <span class='ocrx_word' id='word_1_346' title='bbox 3074 2797 3170 2851; x_wconf 78' lang='grc' dir='ltr'><strong>καὶ</strong></span> <span class='ocrx_word' id='word_1_347' title='bbox 3219 2796 3319 2867; x_wconf 82' lang='grc' dir='ltr'>τήν</span> <span class='ocrx_word' id='word_1_348' title='bbox 3373 2793 3781 2864; x_wconf 76' lang='grc' dir='ltr'><strong>ἐπιθυμητικὴν</strong></span> <span class='ocrx_word' id='word_1_349' title='bbox 3828 2793 4006 2846; x_wconf 71' lang='grc' dir='ltr'>δύνα-</span> 
     </span>
    </p>
   </div>
   <div class='ocr_carea' id='block_1_51' title="bbox 728 2874 2309 2961">
    <p class='ocr_par' dir='ltr' id='par_1_51' title="bbox 728 2874 2307 2947">
     <span class='ocr_line' id='line_1_51' title="bbox 728 2874 2307 2947; baseline 0.005 -21"><span class='ocrx_word' id='word_1_350' title='bbox 728 2875 854 2928; x_wconf 89' lang='lat' dir='ltr'><strong>vina</strong></span> <span class='ocrx_word' id='word_1_351' title='bbox 895 2875 1151 2929; x_wconf 90' lang='lat' dir='ltr'><strong>consistit</strong></span> <span class='ocrx_word' id='word_1_352' title='bbox 1191 2874 1437 2939; x_wconf 89' lang='lat' dir='ltr'><strong>dilectio,</strong></span> <span class='ocrx_word' id='word_1_353' title='bbox 1464 2891 1682 2945; x_wconf 87' lang='lat' dir='ltr'><strong>quaque</strong></span> <span class='ocrx_word' id='word_1_354' title='bbox 1726 2887 1919 2947; x_wconf 88' lang='lat' dir='ltr'><strong>sponte</strong></span> <span class='ocrx_word' id='word_1_355' title='bbox 1969 2877 2307 2934; x_wconf 79' lang='lat' dir='ltr'><strong>intemerata:</strong></span> 
     </span>
    </p>
   </div>
   <div class='ocr_carea' id='block_1_52' title="bbox 2412 2874 4008 2961">
    <p class='ocr_par' dir='ltr' id='par_1_52' title="bbox 2412 2885 4008 2961">
     <span class='ocr_line' id='line_1_52' title="bbox 2412 2885 4008 2961; baseline -0.006 -17"><span class='ocrx_word' id='word_1_356' title='bbox 2412 2908 2524 2961; x_wconf 89' lang='grc' dir='ltr'><strong>μιν,</strong></span> <span class='ocrx_word' id='word_1_357' title='bbox 2585 2889 2710 2944; x_wconf 85' lang='grc' dir='ltr'><strong>καθ’</strong></span> <span class='ocrx_word' id='word_1_358' title='bbox 2767 2890 2834 2961; x_wconf 77' lang='grc' dir='ltr'><strong>ἢν</strong></span> <span class='ocrx_word' id='word_1_359' title='bbox 2887 2892 2920 2960; x_wconf 85' lang='grc' dir='ltr'><strong>ή</strong></span> <span class='ocrx_word' id='word_1_360' title='bbox 2973 2887 3094 2941; x_wconf 88' lang='grc' dir='ltr'><strong>θεία</strong></span> <span class='ocrx_word' id='word_1_361' title='bbox 3145 2887 3481 2956; x_wconf 82' lang='grc' dir='ltr'>συνέστηκεν</span> <span class='ocrx_word' id='word_1_362' title='bbox 3525 2887 3757 2954; x_wconf 82' lang='grc' dir='ltr'>ἀγάπη,</span> <span class='ocrx_word' id='word_1_363' title='bbox 3808 2885 3876 2936; x_wconf 81' lang='grc' dir='ltr'>δι’</span> <span class='ocrx_word' id='word_1_364' title='bbox 3932 2886 4008 2953; x_wconf 75' lang='grc' dir='ltr'><strong>ἦν</strong></span> 
     </span>
    </p>
   </div>
   <div class='ocr_carea' id='block_1_53' title="bbox 728 2966 2309 3051">
    <p class='ocr_par' dir='ltr' id='par_1_53' title="bbox 728 2966 2304 3034">
     <span class='ocr_line' id='line_1_53' title="bbox 728 2966 2304 3034; baseline 0.003 -14"><span class='ocrx_word' id='word_1_365' title='bbox 728 2966 950 3022; x_wconf 83' lang='lat' dir='ltr'><strong>doitatis</strong></span> <span class='ocrx_word' id='word_1_366' title='bbox 981 2966 1258 3022; x_wconf 89' lang='lat' dir='ltr'><strong>desiderio</strong></span> <span class='ocrx_word' id='word_1_367' title='bbox 1302 2967 1537 3034; x_wconf 81' lang='lat' dir='ltr'><strong>aﬂixam,</strong></span> <span class='ocrx_word' id='word_1_368' title='bbox 1582 2969 1950 3024; x_wconf 88' lang='lat' dir='ltr'><strong>immortalem</strong></span> <span class='ocrx_word' id='word_1_369' title='bbox 2007 2971 2304 3025; x_wconf 84' lang='lat' dir='ltr'><strong>desiderati</strong></span> 
     </span>
    </p>
   </div>
   <div class='ocr_carea' id='block_1_54' title="bbox 2412 2966 4010 3051">
    <p class='ocr_par' dir='ltr' id='par_1_54' title="bbox 2412 2977 4010 3051">
     <span class='ocr_line' id='line_1_54' title="bbox 2412 2977 4010 3051; baseline -0.004 -15"><span class='ocrx_word' id='word_1_370' title='bbox 2412 2983 2676 3046; x_wconf 78' lang='grc' dir='ltr'><strong>ἑκουσίως</strong></span> <span class='ocrx_word' id='word_1_371' title='bbox 2723 2981 3082 3051; x_wconf 78' lang='grc' dir='ltr'>προσηλώσας</span> <span class='ocrx_word' id='word_1_372' title='bbox 3115 2978 3193 3050; x_wconf 82' lang='grc' dir='ltr'>τῷ</span> <span class='ocrx_word' id='word_1_373' title='bbox 3233 2980 3391 3050; x_wconf 84' lang='grc' dir='ltr'><strong>πόθῳ</strong></span> <span class='ocrx_word' id='word_1_374' title='bbox 3432 2979 3535 3049; x_wconf 82' lang='grc' dir='ltr'><strong>τῆς</strong></span> <span class='ocrx_word' id='word_1_375' title='bbox 3560 2980 3844 3048; x_wconf 82' lang='grc' dir='ltr'>ἀκηράτου</span> <span class='ocrx_word' id='word_1_376' title='bbox 3876 2977 4010 3031; x_wconf 67' lang='grc' dir='ltr'><strong>θεός</strong></span> 
     </span>
    </p>
   </div>
   <div class='ocr_carea' id='block_1_55' title="bbox 728 3059 2309 3140">
    <p class='ocr_par' dir='ltr' id='par_1_55' title="bbox 728 3059 2304 3129">
     <span class='ocr_line' id='line_1_55' title="bbox 728 3059 2304 3129; baseline 0.003 -17"><span class='ocrx_word' id='word_1_377' title='bbox 728 3068 893 3128; x_wconf 90' lang='lat' dir='ltr'><strong>atque</strong></span> <span class='ocrx_word' id='word_1_378' title='bbox 918 3060 1081 3113; x_wconf 92' lang='lat' dir='ltr'><strong>amati</strong></span> <span class='ocrx_word' id='word_1_379' title='bbox 1101 3059 1496 3129; x_wconf 89' lang='lat' dir='ltr'><strong>appetitionem</strong></span> <span class='ocrx_word' id='word_1_380' title='bbox 1547 3070 1707 3114; x_wconf 83' lang='lat' dir='ltr'><strong>nacta</strong></span> <span class='ocrx_word' id='word_1_381' title='bbox 1749 3064 1852 3127; x_wconf 89' lang='lat' dir='ltr'><strong>est)</strong></span> <span class='ocrx_word' id='word_1_382' title='bbox 1900 3063 1967 3116; x_wconf 92' lang='lat' dir='ltr'><strong>ad</strong></span> <span class='ocrx_word' id='word_1_383' title='bbox 1999 3065 2113 3118; x_wconf 75' lang='lat' dir='ltr'><strong>lucc</strong></span> <span class='ocrx_word' id='word_1_384' title='bbox 2141 3066 2304 3118; x_wconf 89' lang='lat' dir='ltr'><strong>etiam</strong></span> 
     </span>
    </p>
   </div>
   <div class='ocr_carea' id='block_1_56' title="bbox 2412 3059 4012 3140">
    <p class='ocr_par' dir='ltr' id='par_1_56' title="bbox 2412 3068 4012 3140">
     <span class='ocr_line' id='line_1_56' title="bbox 2412 3068 4012 3140; baseline -0.002 -15"><span class='ocrx_word' id='word_1_385' title='bbox 2412 3089 2588 3139; x_wconf 86' lang='grc' dir='ltr'><strong>τητος,</strong></span> <span class='ocrx_word' id='word_1_386' title='bbox 2627 3071 2821 3126; x_wconf 81' lang='grc' dir='ltr'>ἄλυτον</span> <span class='ocrx_word' id='word_1_387' title='bbox 2859 3070 2972 3140; x_wconf 81' lang='grc' dir='ltr'><strong>ἔχει</strong></span> <span class='ocrx_word' id='word_1_388' title='bbox 3014 3068 3108 3123; x_wconf 82' lang='grc' dir='ltr'><strong>τοῦ</strong></span> <span class='ocrx_word' id='word_1_389' title='bbox 3149 3070 3486 3140; x_wconf 82' lang='grc' dir='ltr'><strong>ποθουμένου</strong></span> <span class='ocrx_word' id='word_1_390' title='bbox 3534 3071 3633 3138; x_wconf 79' lang='grc' dir='ltr'>τὴν</span> <span class='ocrx_word' id='word_1_391' title='bbox 3663 3070 3874 3135; x_wconf 77' lang='grc' dir='ltr'><strong>ἔφεσιν·</strong></span> <span class='ocrx_word' id='word_1_392' title='bbox 3919 3070 4012 3122; x_wconf 74' lang='grc' dir='ltr'><strong>ἔτι</strong></span> 
     </span>
    </p>
   </div>
   <div class='ocr_carea' id='block_1_57' title="bbox 731 3150 2309 3236">
    <p class='ocr_par' dir='ltr' id='par_1_57' title="bbox 731 3150 2304 3222">
     <span class='ocr_line' id='line_1_57' title="bbox 731 3150 2304 3222; baseline 0.002 -19"><span class='ocrx_word' id='word_1_393' title='bbox 731 3151 825 3205; x_wconf 69' lang='lat' dir='ltr'><strong>ira:</strong></span> <span class='ocrx_word' id='word_1_394' title='bbox 853 3150 1194 3214; x_wconf 80' lang='lat' dir='ltr'><strong>facultatem,</strong></span> <span class='ocrx_word' id='word_1_395' title='bbox 1220 3167 1327 3221; x_wconf 87' lang='lat' dir='ltr'><strong>qua</strong></span> <span class='ocrx_word' id='word_1_396' title='bbox 1365 3151 1608 3204; x_wconf 78' lang='lat' dir='ltr'><strong>divinam</strong></span> <span class='ocrx_word' id='word_1_397' title='bbox 1642 3153 1922 3208; x_wconf 89' lang='lat' dir='ltr'><strong>mordicus</strong></span> <span class='ocrx_word' id='word_1_398' title='bbox 1963 3169 2150 3222; x_wconf 85' lang='lat' dir='ltr'><strong>pacem</strong></span> <span class='ocrx_word' id='word_1_399' title='bbox 2187 3171 2304 3207; x_wconf 88' lang='lat' dir='ltr'><strong>am-</strong></span> 
     </span>
    </p>
   </div>
   <div class='ocr_carea' id='block_1_58' title="bbox 2412 3150 4010 3236">
    <p class='ocr_par' dir='ltr' id='par_1_58' title="bbox 2413 3159 4010 3232">
     <span class='ocr_line' id='line_1_58' title="bbox 2413 3159 4010 3232; baseline -0.023 -16"><span class='ocrx_word' id='word_1_400' title='bbox 2413 3161 2519 3232; x_wconf 84' lang='grc' dir='ltr'><strong>μὴν</strong></span> <span class='ocrx_word' id='word_1_401' title='bbox 2550 3161 2645 3214; x_wconf 69' lang='grc' dir='ltr'><strong>καὶ</strong></span> <span class='ocrx_word' id='word_1_402' title='bbox 2669 3161 2768 3230; x_wconf 78' lang='grc' dir='ltr'><strong>τὴν</strong></span> <span class='ocrx_word' id='word_1_403' title='bbox 2799 3159 3036 3229; x_wconf 78' lang='grc' dir='ltr'><strong>θυμικὴν</strong></span> <span class='ocrx_word' id='word_1_404' title='bbox 3081 3159 3345 3228; x_wconf 84' lang='grc' dir='ltr'><strong>δύναμιν,</strong></span> <span class='ocrx_word' id='word_1_405' title='bbox 3393 3159 3519 3211; x_wconf 85' lang='grc' dir='ltr'><strong>καθ’</strong></span> <span class='ocrx_word' id='word_1_406' title='bbox 3565 3160 3633 3227; x_wconf 76' lang='grc' dir='ltr'><strong>ην</strong></span> <span class='ocrx_word' id='word_1_407' title='bbox 3679 3159 3856 3229; x_wconf 59' lang='grc' dir='ltr'>ἀπρὶξ</span> <span class='ocrx_word' id='word_1_408' title='bbox 3897 3160 4010 3227; x_wconf 63' lang='grc' dir='ltr'><strong>τῆς</strong></span> 
     </span>
    </p>
   </div>
   <div class='ocr_carea' id='block_1_59' title="bbox 731 3244 2309 3324">
    <p class='ocr_par' dir='ltr' id='par_1_59' title="bbox 731 3244 2302 3317">
     <span class='ocr_line' id='line_1_59' title="bbox 731 3244 2302 3317; baseline 0.004 -21"><span class='ocrx_word' id='word_1_409' title='bbox 731 3244 1014 3314; x_wconf 83' lang='lat' dir='ltr'><strong>plectitur,</strong></span> <span class='ocrx_word' id='word_1_410' title='bbox 1051 3245 1360 3315; x_wconf 80' lang='lat' dir='ltr'><strong>astringens</strong></span> <span class='ocrx_word' id='word_1_411' title='bbox 1409 3245 1462 3298; x_wconf 90' lang='lat' dir='ltr'><strong>in</strong></span> <span class='ocrx_word' id='word_1_412' title='bbox 1509 3246 1759 3299; x_wconf 85' lang='lat' dir='ltr'><strong>divinum</strong></span> <span class='ocrx_word' id='word_1_413' title='bbox 1806 3261 2048 3300; x_wconf 83' lang='lat' dir='ltr'><strong>amorem</strong></span> <span class='ocrx_word' id='word_1_414' title='bbox 2087 3248 2302 3317; x_wconf 78' lang='lat' dir='ltr'><strong>cupidi~</strong></span> 
     </span>
    </p>
   </div>
   <div class='ocr_carea' id='block_1_60' title="bbox 2412 3244 4013 3324">
    <p class='ocr_par' dir='ltr' id='par_1_60' title="bbox 2412 3249 4013 3324">
     <span class='ocr_line' id='line_1_60' title="bbox 2412 3249 4013 3324; baseline -0.001 -19"><span class='ocrx_word' id='word_1_415' title='bbox 2412 3252 2557 3314; x_wconf 86' lang='grc' dir='ltr'><strong>θείας</strong></span> <span class='ocrx_word' id='word_1_416' title='bbox 2587 3252 2813 3324; x_wconf 85' lang='grc' dir='ltr'>εἰρήνης</span> <span class='ocrx_word' id='word_1_417' title='bbox 2854 3251 3165 3322; x_wconf 83' lang='grc' dir='ltr'><strong>ἀντέχεται,</strong></span> <span class='ocrx_word' id='word_1_418' title='bbox 3214 3250 3697 3319; x_wconf 74' lang='grc' dir='ltr'><strong>ἐπιστύφωνπρδς</strong></span> <span class='ocrx_word' id='word_1_419' title='bbox 3725 3249 3820 3302; x_wconf 79' lang='grc' dir='ltr'>τὸν</span> <span class='ocrx_word' id='word_1_420' title='bbox 3855 3250 4013 3303; x_wconf 81' lang='grc' dir='ltr'>θεῖον</span> 
     </span>
    </p>
   </div>
   <div class='ocr_carea' id='block_1_61' title="bbox 733 3335 2309 3412">
    <p class='ocr_par' dir='ltr' id='par_1_61' title="bbox 733 3335 2308 3404">
     <span class='ocr_line' id='line_1_61' title="bbox 733 3335 2308 3404; baseline 0.003 -17"><span class='ocrx_word' id='word_1_421' title='bbox 733 3336 859 3390; x_wconf 90' lang='lat' dir='ltr'><strong>tatis</strong></span> <span class='ocrx_word' id='word_1_422' title='bbox 910 3343 1142 3388; x_wconf 90' lang='lat' dir='ltr'><strong>motum.</strong></span> <span class='ocrx_word' id='word_1_423' title='bbox 1200 3335 1309 3388; x_wconf 89' lang='lat' dir='ltr'><strong>llas</strong></span> <span class='ocrx_word' id='word_1_424' title='bbox 1359 3350 1525 3404; x_wconf 80' lang='lat' dir='ltr'><strong>porro</strong></span> <span class='ocrx_word' id='word_1_425' title='bbox 1573 3337 1719 3389; x_wconf 80' lang='lat' dir='ltr'><strong>vires</strong></span> <span class='ocrx_word' id='word_1_426' title='bbox 1773 3352 1926 3390; x_wconf 91' lang='lat' dir='ltr'><strong>mens</strong></span> <span class='ocrx_word' id='word_1_427' title='bbox 1977 3340 2191 3400; x_wconf 82' lang='lat' dir='ltr'><strong>omnis,</strong></span> <span class='ocrx_word' id='word_1_428' title='bbox 2239 3338 2308 3392; x_wconf 90' lang='lat' dir='ltr'><strong>ad</strong></span> 
     </span>
    </p>
   </div>
   <div class='ocr_carea' id='block_1_62' title="bbox 2412 3335 4014 3412">
    <p class='ocr_par' dir='ltr' id='par_1_62' title="bbox 2412 3339 4014 3412">
     <span class='ocr_line' id='line_1_62' title="bbox 2412 3339 4014 3412; baseline -0.003 -17"><span class='ocrx_word' id='word_1_429' title='bbox 2412 3343 2587 3411; x_wconf 82' lang='grc' dir='ltr'><strong>Ερωτα</strong></span> <span class='ocrx_word' id='word_1_430' title='bbox 2633 3343 2732 3411; x_wconf 84' lang='grc' dir='ltr'><strong>τῆς</strong></span> <span class='ocrx_word' id='word_1_431' title='bbox 2771 3341 3071 3412; x_wconf 77' lang='grc' dir='ltr'><strong>ἐπιθυμίας</strong></span> <span class='ocrx_word' id='word_1_432' title='bbox 3113 3341 3212 3411; x_wconf 79' lang='grc' dir='ltr'><strong>τὴν</strong></span> <span class='ocrx_word' id='word_1_433' title='bbox 3247 3341 3484 3411; x_wconf 91' lang='grc' dir='ltr'>κίνησιν.</span> <span class='ocrx_word' id='word_1_434' title='bbox 3533 3340 3750 3402; x_wconf 83' lang='grc' dir='ltr'>Ταύτας</span> <span class='ocrx_word' id='word_1_435' title='bbox 3787 3339 3849 3391; x_wconf 76' lang='grc' dir='ltr'>δὲ</span> <span class='ocrx_word' id='word_1_436' title='bbox 3884 3341 4014 3409; x_wconf 71' lang='grc' dir='ltr'>ἔχει</span> 
     </span>
    </p>
   </div>
   <div class='ocr_carea' id='block_1_63' title="bbox 730 3427 2309 3495">
    <p class='ocr_par' dir='ltr' id='par_1_63' title="bbox 730 3427 2309 3495">
     <span class='ocr_line' id='line_1_63' title="bbox 730 3427 2309 3495; baseline 0.003 -15"><span class='ocrx_word' id='word_1_437' title='bbox 730 3427 1063 3482; x_wconf 85' lang='lat' dir='ltr'><strong>abolendum</strong></span> <span class='ocrx_word' id='word_1_438' title='bbox 1088 3427 1284 3480; x_wconf 86' lang='lat' dir='ltr'><strong>vitium</strong></span> <span class='ocrx_word' id='word_1_439' title='bbox 1311 3427 1770 3495; x_wconf 85' lang='lat' dir='ltr'><strong>statuendamque</strong></span> <span class='ocrx_word' id='word_1_440' title='bbox 1793 3438 1847 3481; x_wconf 88' lang='lat' dir='ltr'><strong>et</strong></span> <span class='ocrx_word' id='word_1_441' title='bbox 1873 3431 2309 3485; x_wconf 83' lang='lat' dir='ltr'><strong>conservandam</strong></span> 
     </span>
    </p>
   </div>
   <div class='ocr_carea' id='block_1_64' title="bbox 733 3518 1870 3589">
    <p class='ocr_par' dir='ltr' id='par_1_64' title="bbox 733 3518 1870 3589">
     <span class='ocr_line' id='line_1_64' title="bbox 733 3518 1870 3589; baseline 0 -16"><span class='ocrx_word' id='word_1_442' title='bbox 733 3520 1011 3583; x_wconf 76' lang='lat' dir='ltr'><strong>virtutem,</strong></span> <span class='ocrx_word' id='word_1_443' title='bbox 1043 3534 1315 3589; x_wconf 88' lang='lat' dir='ltr'><strong>propense</strong></span> <span class='ocrx_word' id='word_1_444' title='bbox 1349 3518 1652 3588; x_wconf 78' lang='lat' dir='ltr'><strong>adjutrices</strong></span> <span class='ocrx_word' id='word_1_445' title='bbox 1685 3520 1870 3573; x_wconf 85' lang='lat' dir='ltr'><strong>habet.</strong></span> 
     </span>
    </p>
   </div>
   <div class='ocr_carea' id='block_1_65' title="bbox 800 3698 2313 3767">
    <p class='ocr_par' dir='ltr' id='par_1_65' title="bbox 800 3698 2313 3767">
     <span class='ocr_line' id='line_1_65' title="bbox 800 3698 2313 3767; baseline 0.002 -15"><span class='ocrx_word' id='word_1_446' title='bbox 800 3699 888 3752; x_wconf 73' lang='grc'><strong>74.</strong></span> <span class='ocrx_word' id='word_1_447' title='bbox 927 3698 1151 3767; x_wconf 80' lang='lat' dir='ltr'><strong>Absque</strong></span> <span class='ocrx_word' id='word_1_448' title='bbox 1198 3698 1250 3751; x_wconf 88' lang='lat' dir='ltr'><strong>vi</strong></span> <span class='ocrx_word' id='word_1_449' title='bbox 1301 3699 1552 3760; x_wconf 85' lang='lat' dir='ltr'><strong>rationis,</strong></span> <span class='ocrx_word' id='word_1_450' title='bbox 1600 3715 1709 3753; x_wconf 93' lang='lat' dir='ltr'><strong>non</strong></span> <span class='ocrx_word' id='word_1_451' title='bbox 1751 3707 1830 3752; x_wconf 90' lang='lat' dir='ltr'><strong>est</strong></span> <span class='ocrx_word' id='word_1_452' title='bbox 1882 3699 2111 3752; x_wconf 87' lang='lat' dir='ltr'><strong>scientia</strong></span> <span class='ocrx_word' id='word_1_453' title='bbox 2155 3719 2166 3752; x_wconf 94' lang='lat'>:</span> <span class='ocrx_word' id='word_1_454' title='bbox 2210 3717 2313 3755; x_wconf 87' lang='lat' dir='ltr'><strong>nec</strong></span> 
     </span>
    </p>
   </div>
   <div class='ocr_carea' id='block_1_66' title="bbox 726 3787 2309 3856">
    <p class='ocr_par' dir='ltr' id='par_1_66' title="bbox 726 3787 2309 3856">
     <span class='ocr_line' id='line_1_66' title="bbox 726 3787 2309 3856; baseline -0.002 -12"><span class='ocrx_word' id='word_1_455' title='bbox 726 3805 848 3844; x_wconf 81' lang='lat' dir='ltr'><strong>sine</strong></span> <span class='ocrx_word' id='word_1_456' title='bbox 874 3788 1108 3842; x_wconf 89' lang='lat' dir='ltr'><strong>scientia</strong></span> <span class='ocrx_word' id='word_1_457' title='bbox 1137 3787 1390 3842; x_wconf 89' lang='lat' dir='ltr'><strong>consistit</strong></span> <span class='ocrx_word' id='word_1_458' title='bbox 1424 3787 1580 3852; x_wconf 86' lang='lat' dir='ltr'><strong>ﬁdes,</strong></span> <span class='ocrx_word' id='word_1_459' title='bbox 1635 3802 1702 3841; x_wconf 84' lang='lat' dir='ltr'><strong>ex</strong></span> <span class='ocrx_word' id='word_1_460' title='bbox 1731 3803 1838 3856; x_wconf 88' lang='lat' dir='ltr'><strong>qua</strong></span> <span class='ocrx_word' id='word_1_461' title='bbox 1867 3790 1991 3856; x_wconf 84' lang='lat' dir='ltr'><strong>spes</strong></span> <span class='ocrx_word' id='word_1_462' title='bbox 2019 3787 2309 3856; x_wconf 86' lang='lat' dir='ltr'><strong>pulchrum</strong></span> 
     </span>
    </p>
   </div>
   <div class='ocr_carea' id='block_1_67' title="bbox 729 3878 2313 3952">
    <p class='ocr_par' dir='ltr' id='par_1_67' title="bbox 729 3878 2313 3952">
     <span class='ocr_line' id='line_1_67' title="bbox 729 3878 2313 3952; baseline -0.001 -17"><span class='ocrx_word' id='word_1_463' title='bbox 729 3896 962 3952; x_wconf 79' lang='lat' dir='ltr'><strong>germen</strong></span> <span class='ocrx_word' id='word_1_464' title='bbox 989 3879 1276 3950; x_wconf 88' lang='lat' dir='ltr'><strong>procedit;</strong></span> <span class='ocrx_word' id='word_1_465' title='bbox 1303 3895 1402 3948; x_wconf 90' lang='lat' dir='ltr'><strong>per</strong></span> <span class='ocrx_word' id='word_1_466' title='bbox 1424 3894 1588 3947; x_wconf 92' lang='lat' dir='ltr'><strong>quam</strong></span> <span class='ocrx_word' id='word_1_467' title='bbox 1621 3878 1818 3944; x_wconf 91' lang='lat' dir='ltr'><strong>ﬁdelis,</strong></span> <span class='ocrx_word' id='word_1_468' title='bbox 1853 3880 1931 3933; x_wconf 89' lang='lat' dir='ltr'><strong>sic</strong></span> <span class='ocrx_word' id='word_1_469' title='bbox 1958 3895 2082 3933; x_wconf 93' lang='lat' dir='ltr'><strong>cum</strong></span> <span class='ocrx_word' id='word_1_470' title='bbox 2110 3879 2313 3936; x_wconf 90' lang='lat' dir='ltr'><strong>futuris</strong></span> 
     </span>
    </p>
   </div>
   <div class='ocr_carea' id='block_1_68' title="bbox 727 3971 2312 4042">
    <p class='ocr_par' dir='ltr' id='par_1_68' title="bbox 727 3971 2312 4042">
     <span class='ocr_line' id='line_1_68' title="bbox 727 3971 2312 4042; baseline -0.001 -14"><span class='ocrx_word' id='word_1_471' title='bbox 727 3971 1108 4042; x_wconf 79' lang='lat' dir='ltr'><strong>congreditur,</strong></span> <span class='ocrx_word' id='word_1_472' title='bbox 1149 3986 1214 4025; x_wconf 89' lang='lat' dir='ltr'><strong>ac</strong></span> <span class='ocrx_word' id='word_1_473' title='bbox 1260 3971 1306 4025; x_wconf 91' lang='lat' dir='ltr'><strong>si</strong></span> <span class='ocrx_word' id='word_1_474' title='bbox 1362 3971 1657 4040; x_wconf 72' lang='lat' dir='ltr'><strong>przesentia</strong></span> <span class='ocrx_word' id='word_1_475' title='bbox 1705 3980 1910 4025; x_wconf 89' lang='lat' dir='ltr'><strong>essent.</strong></span> <span class='ocrx_word' id='word_1_476' title='bbox 1961 3972 2090 4026; x_wconf 89' lang='lat' dir='ltr'><strong>Sine</strong></span> <span class='ocrx_word' id='word_1_477' title='bbox 2143 3973 2312 4027; x_wconf 88' lang='lat' dir='ltr'><strong>etiam</strong></span> 
     </span>
    </p>
   </div>
   <div class='ocr_carea' id='block_1_69' title="bbox 727 4061 2310 4132">
    <p class='ocr_par' dir='ltr' id='par_1_69' title="bbox 727 4061 2310 4132">
     <span class='ocr_line' id='line_1_69' title="bbox 727 4061 2310 4132; baseline 0.001 -15"><span class='ocrx_word' id='word_1_478' title='bbox 727 4061 1056 4132; x_wconf 88' lang='lat' dir='ltr'><strong>cupiditatis</strong></span> <span class='ocrx_word' id='word_1_479' title='bbox 1090 4061 1167 4125; x_wconf 87' lang='lat' dir='ltr'><strong>vi,</strong></span> <span class='ocrx_word' id='word_1_480' title='bbox 1195 4077 1308 4115; x_wconf 91' lang='lat' dir='ltr'><strong>non</strong></span> <span class='ocrx_word' id='word_1_481' title='bbox 1347 4061 1605 4116; x_wconf 89' lang='lat' dir='ltr'><strong>consistit</strong></span> <span class='ocrx_word' id='word_1_482' title='bbox 1643 4061 1981 4116; x_wconf 89' lang='lat' dir='ltr'><strong>desiderium</strong></span> <span class='ocrx_word' id='word_1_483' title='bbox 2010 4079 2106 4117; x_wconf 89' lang='lat' dir='ltr'><strong>seu</strong></span> <span class='ocrx_word' id='word_1_484' title='bbox 2136 4079 2310 4126; x_wconf 88' lang='lat' dir='ltr'><strong>amor,</strong></span> 
     </span>
    </p>
   </div>
   <div class='ocr_carea' id='block_1_70' title="bbox 727 4151 2312 4224">
    <p class='ocr_par' dir='ltr' id='par_1_70' title="bbox 727 4151 2312 4224">
     <span class='ocr_line' id='line_1_70' title="bbox 727 4151 2312 4224; baseline 0.001 -14"><span class='ocrx_word' id='word_1_485' title='bbox 727 4155 889 4224; x_wconf 86' lang='lat' dir='ltr'><strong>cujus</strong></span> <span class='ocrx_word' id='word_1_486' title='bbox 949 4153 1196 4207; x_wconf 79' lang='lat' dir='ltr'><strong>Charitas</strong></span> <span class='ocrx_word' id='word_1_487' title='bbox 1245 4161 1304 4206; x_wconf 91' lang='lat' dir='ltr'><strong>et</strong></span> <span class='ocrx_word' id='word_1_488' title='bbox 1359 4151 1583 4207; x_wconf 83' lang='lat' dir='ltr'><strong>dilectio</strong></span> <span class='ocrx_word' id='word_1_489' title='bbox 1634 4152 1761 4207; x_wconf 89' lang='lat' dir='ltr'><strong>ﬁnis</strong></span> <span class='ocrx_word' id='word_1_490' title='bbox 1817 4155 2052 4208; x_wconf 84' lang='lat' dir='ltr'><strong>exsistit.</strong></span> <span class='ocrx_word' id='word_1_491' title='bbox 2112 4156 2312 4212; x_wconf 85' lang='lat' dir='ltr'><strong>Amare</strong></span> 
     </span>
    </p>
   </div>
   <div class='ocr_carea' id='block_1_71' title="bbox 726 4241 2313 4315">
    <p class='ocr_par' dir='ltr' id='par_1_71' title="bbox 726 4241 2313 4315">
     <span class='ocr_line' id='line_1_71' title="bbox 726 4241 2313 4315; baseline 0.001 -16"><span class='ocrx_word' id='word_1_492' title='bbox 726 4246 875 4300; x_wconf 88' lang='lat' dir='ltr'><strong>enim</strong></span> <span class='ocrx_word' id='word_1_493' title='bbox 907 4241 1142 4312; x_wconf 84' lang='lat' dir='ltr'><strong>aliquid,</strong></span> <span class='ocrx_word' id='word_1_494' title='bbox 1173 4242 1457 4310; x_wconf 89' lang='lat' dir='ltr'><strong>proprium</strong></span> <span class='ocrx_word' id='word_1_495' title='bbox 1482 4249 1567 4296; x_wconf 89' lang='lat' dir='ltr'><strong>est</strong></span> <span class='ocrx_word' id='word_1_496' title='bbox 1599 4241 1935 4312; x_wconf 89' lang='lat' dir='ltr'><strong>cupiditatis.</strong></span> <span class='ocrx_word' id='word_1_497' title='bbox 1965 4243 2186 4315; x_wconf 81' lang='lat' dir='ltr'><strong>Absque</strong></span> <span class='ocrx_word' id='word_1_498' title='bbox 2218 4246 2313 4300; x_wconf 72' lang='lat' dir='ltr'><strong>iraa</strong></span> 
     </span>
    </p>
   </div>
   <div class='ocr_carea' id='block_1_72' title="bbox 728 4331 2313 4405">
    <p class='ocr_par' dir='ltr' id='par_1_72' title="bbox 728 4331 2313 4405">
     <span class='ocr_line' id='line_1_72' title="bbox 728 4331 2313 4405; baseline 0 -16"><span class='ocrx_word' id='word_1_499' title='bbox 728 4337 860 4391; x_wconf 91' lang='lat' dir='ltr'><strong>item</strong></span> <span class='ocrx_word' id='word_1_500' title='bbox 896 4334 1180 4397; x_wconf 83' lang='lat' dir='ltr'><strong>facultate,</strong></span> <span class='ocrx_word' id='word_1_501' title='bbox 1210 4347 1335 4402; x_wconf 64' lang='lat' dir='ltr'><strong>quae</strong></span> <span class='ocrx_word' id='word_1_502' title='bbox 1375 4331 1740 4402; x_wconf 89' lang='lat' dir='ltr'><strong>cupiditatem</strong></span> <span class='ocrx_word' id='word_1_503' title='bbox 1785 4332 1838 4386; x_wconf 92' lang='lat' dir='ltr'><strong>in</strong></span> <span class='ocrx_word' id='word_1_504' title='bbox 1877 4336 1996 4405; x_wconf 89' lang='lat' dir='ltr'><strong>ejus</strong></span> <span class='ocrx_word' id='word_1_505' title='bbox 2034 4335 2181 4404; x_wconf 92' lang='lat' dir='ltr'><strong>quod</strong></span> <span class='ocrx_word' id='word_1_506' title='bbox 2218 4335 2313 4389; x_wconf 85' lang='lat' dir='ltr'><strong>de-</strong></span> 
     </span>
    </p>
   </div>
   <div class='ocr_carea' id='block_1_73' title="bbox 728 4424 2307 4496">
    <p class='ocr_par' dir='ltr' id='par_1_73' title="bbox 728 4424 2307 4496">
     <span class='ocr_line' id='line_1_73' title="bbox 728 4424 2307 4496; baseline 0.001 -16"><span class='ocrx_word' id='word_1_507' title='bbox 728 4427 902 4480; x_wconf 89' lang='lat' dir='ltr'><strong>lectat</strong></span> <span class='ocrx_word' id='word_1_508' title='bbox 948 4424 1154 4478; x_wconf 91' lang='lat' dir='ltr'><strong>unione</strong></span> <span class='ocrx_word' id='word_1_509' title='bbox 1192 4424 1438 4487; x_wconf 88' lang='lat' dir='ltr'><strong>roboret,</strong></span> <span class='ocrx_word' id='word_1_510' title='bbox 1463 4437 1567 4493; x_wconf 90' lang='lat' dir='ltr'><strong>pax</strong></span> <span class='ocrx_word' id='word_1_511' title='bbox 1610 4424 1914 4479; x_wconf 89' lang='lat' dir='ltr'><strong>consistere</strong></span> <span class='ocrx_word' id='word_1_512' title='bbox 1953 4442 2058 4480; x_wconf 91' lang='lat' dir='ltr'><strong>non</strong></span> <span class='ocrx_word' id='word_1_513' title='bbox 2092 4437 2307 4496; x_wconf 80' lang='lat' dir='ltr'><strong>potest;</strong></span> 
     </span>
    </p>
   </div>
   <div class='ocr_carea' id='block_1_74' title="bbox 2408 3429 4014 3504">
    <p class='ocr_par' dir='ltr' id='par_1_74' title="bbox 2408 3429 4014 3504">
     <span class='ocr_line' id='line_1_74' title="bbox 2408 3429 4014 3504; baseline -0.004 -16"><span class='ocrx_word' id='word_1_514' title='bbox 2408 3437 2504 3498; x_wconf 69' lang='grc' dir='ltr'><strong>τὰς</strong></span> <span class='ocrx_word' id='word_1_515' title='bbox 2535 3434 2794 3504; x_wconf 84' lang='grc' dir='ltr'>δυνάμεις</span> <span class='ocrx_word' id='word_1_516' title='bbox 2839 3435 2949 3495; x_wconf 83' lang='grc' dir='ltr'><strong>πᾶς</strong></span> <span class='ocrx_word' id='word_1_517' title='bbox 2987 3431 3134 3495; x_wconf 83' lang='grc' dir='ltr'>νοῦς,</span> <span class='ocrx_word' id='word_1_518' title='bbox 3176 3430 3543 3502; x_wconf 84' lang='grc' dir='ltr'>συνεργούσας</span> <span class='ocrx_word' id='word_1_519' title='bbox 3589 3429 3738 3500; x_wconf 81' lang='grc' dir='ltr'><strong>αὒτῷ</strong></span> <span class='ocrx_word' id='word_1_520' title='bbox 3770 3431 3915 3500; x_wconf 82' lang='grc' dir='ltr'>πρός</span> <span class='ocrx_word' id='word_1_521' title='bbox 3945 3447 4014 3481; x_wconf 88' lang='grc' dir='ltr'>τε</span> 
     </span>
    </p>
   </div>
   <div class='ocr_carea' id='block_1_75' title="bbox 2408 3520 4017 3599">
    <p class='ocr_par' dir='ltr' id='par_1_75' title="bbox 2408 3520 4017 3599">
     <span class='ocr_line' id='line_1_75' title="bbox 2408 3520 4017 3599; baseline -0.005 -19"><span class='ocrx_word' id='word_1_522' title='bbox 2408 3529 2506 3599; x_wconf 78' lang='grc' dir='ltr'><strong>τὴν</strong></span> <span class='ocrx_word' id='word_1_523' title='bbox 2534 3527 2636 3596; x_wconf 81' lang='grc' dir='ltr'><strong>τῆς</strong></span> <span class='ocrx_word' id='word_1_524' title='bbox 2663 3526 2862 3588; x_wconf 85' lang='grc' dir='ltr'><strong>κακίας</strong></span> <span class='ocrx_word' id='word_1_525' title='bbox 2894 3523 3238 3594; x_wconf 84' lang='grc' dir='ltr'><strong>καθαίρεσιν,</strong></span> <span class='ocrx_word' id='word_1_526' title='bbox 3269 3523 3368 3576; x_wconf 73' lang='grc' dir='ltr'><strong>καὶ</strong></span> <span class='ocrx_word' id='word_1_527' title='bbox 3395 3522 3495 3592; x_wconf 78' lang='grc' dir='ltr'><strong>τὴν</strong></span> <span class='ocrx_word' id='word_1_528' title='bbox 3523 3522 3624 3591; x_wconf 82' lang='grc' dir='ltr'><strong>τῆς</strong></span> <span class='ocrx_word' id='word_1_529' title='bbox 3665 3522 3870 3592; x_wconf 83' lang='grc' dir='ltr'><strong>ἀρετῆς</strong></span> <span class='ocrx_word' id='word_1_530' title='bbox 3907 3520 4017 3572; x_wconf 76' lang='grc' dir='ltr'><strong><em>σύ-</em></strong></span> 
     </span>
    </p>
   </div>
   <div class='ocr_carea' id='block_1_76' title="bbox 2411 3618 3214 3686">
    <p class='ocr_par' dir='ltr' id='par_1_76' title="bbox 2411 3618 3214 3686">
     <span class='ocr_line' id='line_1_76' title="bbox 2411 3618 3214 3686; baseline -0.007 -12"><span class='ocrx_word' id='word_1_531' title='bbox 2411 3619 2603 3674; x_wconf 82' lang='grc' dir='ltr'><strong>στασίν</strong></span> <span class='ocrx_word' id='word_1_532' title='bbox 2630 3636 2690 3672; x_wconf 84' lang='grc' dir='ltr'>τε</span> <span class='ocrx_word' id='word_1_533' title='bbox 2727 3619 2822 3672; x_wconf 76' lang='grc' dir='ltr'><strong>καὶ</strong></span> <span class='ocrx_word' id='word_1_534' title='bbox 2857 3618 3214 3686; x_wconf 78' lang='grc' dir='ltr'><strong>συντήρησιν.</strong></span> 
     </span>
    </p>
   </div>
   <div class='ocr_carea' id='block_1_77' title="bbox 2478 3706 4017 3781">
    <p class='ocr_par' dir='ltr' id='par_1_77' title="bbox 2478 3706 4017 3781">
     <span class='ocr_line' id='line_1_77' title="bbox 2478 3706 4017 3781; baseline -0.005 -15"><span class='ocrx_word' id='word_1_535' title='bbox 2478 3713 2571 3766; x_wconf 66' lang='grc' dir='ltr'>(ιδ’.</span> <span class='ocrx_word' id='word_1_536' title='bbox 2605 3711 2738 3781; x_wconf 87' lang='grc' dir='ltr'><strong>Δίχα</strong></span> <span class='ocrx_word' id='word_1_537' title='bbox 2770 3711 2996 3778; x_wconf 80' lang='grc' dir='ltr'><strong>λογικῆς</strong></span> <span class='ocrx_word' id='word_1_538' title='bbox 3021 3709 3325 3776; x_wconf 85' lang='grc' dir='ltr'>δυνάμεως,</span> <span class='ocrx_word' id='word_1_539' title='bbox 3352 3706 3758 3776; x_wconf 81' lang='grc' dir='ltr'><strong>ἐπιστημονικὴ</strong></span> <span class='ocrx_word' id='word_1_540' title='bbox 3795 3706 4017 3774; x_wconf 58' lang='grc' dir='ltr'>γκῶσις</span> 
     </span>
    </p>
   </div>
   <div class='ocr_carea' id='block_1_78' title="bbox 2411 3796 4010 3871">
    <p class='ocr_par' dir='ltr' id='par_1_78' title="bbox 2411 3796 4010 3871">
     <span class='ocr_line' id='line_1_78' title="bbox 2411 3796 4010 3871; baseline -0.008 -11"><span class='ocrx_word' id='word_1_541' title='bbox 2411 3808 2511 3860; x_wconf 81' lang='grc' dir='ltr'><strong>οὐκ</strong></span> <span class='ocrx_word' id='word_1_542' title='bbox 2535 3807 2670 3858; x_wconf 76' lang='grc' dir='ltr'><strong>ἐστι·</strong></span> <span class='ocrx_word' id='word_1_543' title='bbox 2704 3805 2799 3858; x_wconf 71' lang='grc' dir='ltr'><strong>καὶ</strong></span> <span class='ocrx_word' id='word_1_544' title='bbox 2838 3801 3094 3870; x_wconf 87' lang='grc' dir='ltr'>γνώσεως</span> <span class='ocrx_word' id='word_1_545' title='bbox 3130 3801 3319 3871; x_wconf 68' lang='grc' dir='ltr'><strong>χωρὶς,</strong></span> <span class='ocrx_word' id='word_1_546' title='bbox 3351 3799 3410 3851; x_wconf 88' lang='grc' dir='ltr'><strong>οὐ</strong></span> <span class='ocrx_word' id='word_1_547' title='bbox 3444 3796 3760 3851; x_wconf 81' lang='grc' dir='ltr'><strong>συνίσταται</strong></span> <span class='ocrx_word' id='word_1_548' title='bbox 3791 3798 4010 3862; x_wconf 81' lang='grc' dir='ltr'><strong>πίστις,</strong></span> 
     </span>
    </p>
   </div>
   <div class='ocr_carea' id='block_1_79' title="bbox 2411 3889 4015 3970">
    <p class='ocr_par' dir='ltr' id='par_1_79' title="bbox 2411 3889 4015 3970">
     <span class='ocr_line' id='line_1_79' title="bbox 2411 3889 4015 3970; baseline -0.008 -16"><span class='ocrx_word' id='word_1_549' title='bbox 2411 3901 2504 3969; x_wconf 82' lang='grc' dir='ltr'><strong>ἀφ’</strong></span> <span class='ocrx_word' id='word_1_550' title='bbox 2527 3896 2594 3970; x_wconf 85' lang='grc' dir='ltr'><strong>ἦς</strong></span> <span class='ocrx_word' id='word_1_551' title='bbox 2616 3899 2678 3951; x_wconf 78' lang='grc' dir='ltr'><strong>τὸ</strong></span> <span class='ocrx_word' id='word_1_552' title='bbox 2703 3897 2866 3955; x_wconf 85' lang='grc' dir='ltr'><strong>καλὸν</strong></span> <span class='ocrx_word' id='word_1_553' title='bbox 2893 3895 3141 3964; x_wconf 83' lang='grc' dir='ltr'>γέννημα</span> <span class='ocrx_word' id='word_1_554' title='bbox 3192 3892 3440 3962; x_wconf 83' lang='grc' dir='ltr'><strong>πρόεισιν</strong></span> <span class='ocrx_word' id='word_1_555' title='bbox 3471 3891 3504 3960; x_wconf 82' lang='grc' dir='ltr'><strong>ή</strong></span> <span class='ocrx_word' id='word_1_556' title='bbox 3555 3889 3734 3953; x_wconf 81' lang='grc' dir='ltr'><strong>ἐλπὶς,</strong></span> <span class='ocrx_word' id='word_1_557' title='bbox 3767 3889 3896 3942; x_wconf 85' lang='grc' dir='ltr'><strong>καθ’</strong></span> <span class='ocrx_word' id='word_1_558' title='bbox 3942 3891 4015 3959; x_wconf 73' lang='grc' dir='ltr'><strong>ἣν</strong></span> 
     </span>
    </p>
   </div>
   <div class='ocr_carea' id='block_1_80' title="bbox 2411 3981 4016 4062">
    <p class='ocr_par' dir='ltr' id='par_1_80' title="bbox 2411 3981 4016 4062">
     <span class='ocr_line' id='line_1_80' title="bbox 2411 3981 4016 4062; baseline -0.009 -16"><span class='ocrx_word' id='word_1_559' title='bbox 2411 3996 2486 4055; x_wconf 82' lang='grc' dir='ltr'><strong>ὡς</strong></span> <span class='ocrx_word' id='word_1_560' title='bbox 2514 3991 2751 4062; x_wconf 85' lang='grc' dir='ltr'><strong>παροῦσι</strong></span> <span class='ocrx_word' id='word_1_561' title='bbox 2787 3987 3107 4056; x_wconf 87' lang='grc' dir='ltr'>συγγίνεται</span> <span class='ocrx_word' id='word_1_562' title='bbox 3129 3987 3240 4047; x_wconf 86' lang='grc' dir='ltr'>τοῖς</span> <span class='ocrx_word' id='word_1_563' title='bbox 3271 3983 3564 4054; x_wconf 86' lang='grc' dir='ltr'><strong>μέλλουσιν</strong></span> <span class='ocrx_word' id='word_1_564' title='bbox 3593 3983 3622 4034; x_wconf 84' lang='grc' dir='ltr'>ὁ</span> <span class='ocrx_word' id='word_1_565' title='bbox 3650 3981 3864 4043; x_wconf 77' lang='grc' dir='ltr'><strong>πιστός.</strong></span> <span class='ocrx_word' id='word_1_566' title='bbox 3890 3982 4016 4034; x_wconf 80' lang='grc' dir='ltr'><strong>Καὶ</strong></span> 
     </span>
    </p>
   </div>
   <div class='ocr_carea' id='block_1_81' title="bbox 2411 4070 4016 4148">
    <p class='ocr_par' dir='ltr' id='par_1_81' title="bbox 2411 4070 4016 4148">
     <span class='ocr_line' id='line_1_81' title="bbox 2411 4070 4016 4148; baseline -0.006 -16"><span class='ocrx_word' id='word_1_567' title='bbox 2411 4080 2536 4148; x_wconf 84' lang='grc' dir='ltr'>δίχα</span> <span class='ocrx_word' id='word_1_568' title='bbox 2566 4079 2666 4148; x_wconf 81' lang='grc' dir='ltr'><strong>τῆς</strong></span> <span class='ocrx_word' id='word_1_569' title='bbox 2703 4076 2826 4130; x_wconf 75' lang='grc' dir='ltr'><strong>κατ’</strong></span> <span class='ocrx_word' id='word_1_570' title='bbox 2873 4072 3173 4144; x_wconf 76' lang='grc' dir='ltr'><strong>ἐπιθυμίαν</strong></span> <span class='ocrx_word' id='word_1_571' title='bbox 3219 4071 3527 4141; x_wconf 87' lang='grc' dir='ltr'>δυνάμεως.</span> <span class='ocrx_word' id='word_1_572' title='bbox 3576 4070 3639 4121; x_wconf 86' lang='grc' dir='ltr'><strong>οὐ</strong></span> <span class='ocrx_word' id='word_1_573' title='bbox 3680 4072 4016 4123; x_wconf 81' lang='grc' dir='ltr'><strong>συνίσταται</strong></span> 
     </span>
    </p>
   </div>
   <div class='ocr_carea' id='block_1_82' title="bbox 2423 4160 4014 4234">
    <p class='ocr_par' dir='ltr' id='par_1_82' title="bbox 2423 4160 4014 4234">
     <span class='ocr_line' id='line_1_82' title="bbox 2423 4160 4014 4234; baseline -0.009 -10"><span class='ocrx_word' id='word_1_574' title='bbox 2423 4169 2610 4234; x_wconf 84' lang='grc' dir='ltr'><strong>πόθος,</strong></span> <span class='ocrx_word' id='word_1_575' title='bbox 2641 4163 2704 4221; x_wconf 75' lang='grc' dir='ltr'>οὗ</span> <span class='ocrx_word' id='word_1_576' title='bbox 2742 4167 2901 4229; x_wconf 84' lang='grc' dir='ltr'><strong>τέλος</strong></span> <span class='ocrx_word' id='word_1_577' title='bbox 2949 4166 3096 4218; x_wconf 77' lang='grc' dir='ltr'><strong>ἐστὶν</strong></span> <span class='ocrx_word' id='word_1_578' title='bbox 3121 4166 3154 4232; x_wconf 91' lang='grc' dir='ltr'><strong>ή</strong></span> <span class='ocrx_word' id='word_1_579' title='bbox 3195 4163 3405 4232; x_wconf 76' lang='grc' dir='ltr'>ἀγάπηο</span> <span class='ocrx_word' id='word_1_580' title='bbox 3429 4161 3492 4212; x_wconf 81' lang='grc' dir='ltr'><strong>τὸ</strong></span> <span class='ocrx_word' id='word_1_581' title='bbox 3511 4160 3622 4231; x_wconf 85' lang='grc' dir='ltr'>γὰρ</span> <span class='ocrx_word' id='word_1_582' title='bbox 3651 4161 3780 4231; x_wconf 81' lang='grc' dir='ltr'>ἐρᾷν</span> <span class='ocrx_word' id='word_1_583' title='bbox 3833 4177 4014 4225; x_wconf 84' lang='grc' dir='ltr'><strong>τινος,</strong></span> 
     </span>
    </p>
   </div>
   <div class='ocr_carea' id='block_1_83' title="bbox 2415 4251 4017 4327">
    <p class='ocr_par' dir='ltr' id='par_1_83' title="bbox 2415 4251 4017 4327">
     <span class='ocr_line' id='line_1_83' title="bbox 2415 4251 4017 4327; baseline -0.008 -13"><span class='ocrx_word' id='word_1_584' title='bbox 2415 4261 2548 4314; x_wconf 78' lang='grc' dir='ltr'>ἴδιόν</span> <span class='ocrx_word' id='word_1_585' title='bbox 2587 4262 2737 4312; x_wconf 81' lang='grc' dir='ltr'><strong>ἐστιν</strong></span> <span class='ocrx_word' id='word_1_586' title='bbox 2763 4257 3084 4327; x_wconf 84' lang='grc' dir='ltr'><strong>ἐπιθυμίας.</strong></span> <span class='ocrx_word' id='word_1_587' title='bbox 3144 4253 3254 4308; x_wconf 71' lang='grc' dir='ltr'><strong>Καὶ</strong></span> <span class='ocrx_word' id='word_1_588' title='bbox 3286 4252 3409 4320; x_wconf 86' lang='grc' dir='ltr'><strong>δίχα</strong></span> <span class='ocrx_word' id='word_1_589' title='bbox 3446 4251 3689 4322; x_wconf 83' lang='grc' dir='ltr'><strong>θυμικῆς</strong></span> <span class='ocrx_word' id='word_1_590' title='bbox 3715 4251 4017 4320; x_wconf 80' lang='grc' dir='ltr'>δυνάμεως</span> 
     </span>
    </p>
   </div>
   <div class='ocr_carea' id='block_1_84' title="bbox 2413 4337 4015 4419">
    <p class='ocr_par' dir='ltr' id='par_1_84' title="bbox 2413 4337 4015 4419">
     <span class='ocr_line' id='line_1_84' title="bbox 2413 4337 4015 4419; baseline -0.007 -16"><span class='ocrx_word' id='word_1_591' title='bbox 2413 4348 2714 4419; x_wconf 86' lang='grc' dir='ltr'>νευρούσης</span> <span class='ocrx_word' id='word_1_592' title='bbox 2741 4346 2841 4416; x_wconf 86' lang='grc' dir='ltr'><strong>τὴν</strong></span> <span class='ocrx_word' id='word_1_593' title='bbox 2887 4343 3184 4412; x_wconf 86' lang='grc' dir='ltr'><strong>ἐπιθυμίαν</strong></span> <span class='ocrx_word' id='word_1_594' title='bbox 3219 4341 3356 4412; x_wconf 83' lang='grc' dir='ltr'><strong>πρὸς</strong></span> <span class='ocrx_word' id='word_1_595' title='bbox 3400 4338 3499 4410; x_wconf 81' lang='grc' dir='ltr'><strong>τήν</strong></span> <span class='ocrx_word' id='word_1_596' title='bbox 3545 4337 3641 4391; x_wconf 81' lang='grc' dir='ltr'><strong>τοῦ</strong></span> <span class='ocrx_word' id='word_1_597' title='bbox 3676 4337 3838 4407; x_wconf 82' lang='grc' dir='ltr'>ἡδέος</span> <span class='ocrx_word' id='word_1_598' title='bbox 3868 4338 4015 4391; x_wconf 77' lang='grc' dir='ltr'><strong>ἐνω-</strong></span> 
     </span>
    </p>
   </div>
   <div class='ocr_carea' id='block_1_85' title="bbox 2417 4425 4015 4506">
    <p class='ocr_par' dir='ltr' id='par_1_85' title="bbox 2417 4425 4015 4506">
     <span class='ocr_line' id='line_1_85' title="bbox 2417 4425 4015 4506; baseline -0.009 -15"><span class='ocrx_word' id='word_1_599' title='bbox 2417 4455 2522 4497; x_wconf 86' lang='grc' dir='ltr'><strong>σιν,</strong></span> <span class='ocrx_word' id='word_1_600' title='bbox 2558 4433 2812 4506; x_wconf 82' lang='grc' dir='ltr'>οὐδαμῶς</span> <span class='ocrx_word' id='word_1_601' title='bbox 2851 4431 3105 4501; x_wconf 89' lang='grc' dir='ltr'>γίνεσθαι</span> <span class='ocrx_word' id='word_1_602' title='bbox 3137 4431 3382 4498; x_wconf 81' lang='grc' dir='ltr'><strong>πέφυκεν</strong></span> <span class='ocrx_word' id='word_1_603' title='bbox 3423 4428 3639 4498; x_wconf 75' lang='grc' dir='ltr'>εἰρήνη·</span> <span class='ocrx_word' id='word_1_604' title='bbox 3675 4426 3839 4495; x_wconf 72' lang='grc' dir='ltr'>εἴπερ</span> <span class='ocrx_word' id='word_1_605' title='bbox 3870 4425 4015 4494; x_wconf 78' lang='grc' dir='ltr'><strong>ἀληο</strong></span> 
     </span>
    </p>
   </div>
   <div class='ocr_carea' id='block_1_86' title="bbox 729 4513 2309 4598">
    <p class='ocr_par' dir='ltr' id='par_1_86' title="bbox 729 4515 2309 4588">
     <span class='ocr_line' id='line_1_86' title="bbox 729 4515 2309 4588; baseline 0.001 -17"><span class='ocrx_word' id='word_1_606' title='bbox 729 4515 1007 4585; x_wconf 89' lang='lat' dir='ltr'><strong>siquidem</strong></span> <span class='ocrx_word' id='word_1_607' title='bbox 1039 4529 1167 4568; x_wconf 89' lang='lat' dir='ltr'><strong>vere</strong></span> <span class='ocrx_word' id='word_1_608' title='bbox 1199 4530 1324 4585; x_wconf 84' lang='lat' dir='ltr'><strong>pax,</strong></span> <span class='ocrx_word' id='word_1_609' title='bbox 1356 4515 1653 4584; x_wconf 91' lang='lat' dir='ltr'><strong>tranquilla</strong></span> <span class='ocrx_word' id='word_1_610' title='bbox 1693 4522 1750 4568; x_wconf 94' lang='lat' dir='ltr'><strong>et</strong></span> <span class='ocrx_word' id='word_1_611' title='bbox 1792 4516 2096 4582; x_wconf 88' lang='lat' dir='ltr'><strong>inturbata,</strong></span> <span class='ocrx_word' id='word_1_612' title='bbox 2126 4519 2309 4588; x_wconf 91' lang='lat' dir='ltr'><strong>plena-</strong></span> 
     </span>
    </p>
   </div>
   <div class='ocr_carea' id='block_1_87' title="bbox 2412 4513 4014 4598">
    <p class='ocr_par' dir='ltr' id='par_1_87' title="bbox 2418 4513 4014 4598">
     <span class='ocr_line' id='line_1_87' title="bbox 2418 4513 4014 4598; baseline -0.008 -16"><span class='ocrx_word' id='word_1_613' title='bbox 2418 4528 2527 4592; x_wconf 84' lang='grc' dir='ltr'>θῶς</span> <span class='ocrx_word' id='word_1_614' title='bbox 2572 4527 2767 4598; x_wconf 87' lang='grc' dir='ltr'>είρήνη</span> <span class='ocrx_word' id='word_1_615' title='bbox 2809 4526 3020 4594; x_wconf 75' lang='grc' dir='ltr'>ἐστὶνή</span> <span class='ocrx_word' id='word_1_616' title='bbox 3074 4522 3431 4592; x_wconf 86' lang='grc' dir='ltr'>ἀνενόχλητος</span> <span class='ocrx_word' id='word_1_617' title='bbox 3479 4518 3575 4572; x_wconf 77' lang='grc' dir='ltr'><strong>καὶ</strong></span> <span class='ocrx_word' id='word_1_618' title='bbox 3603 4513 3883 4587; x_wconf 78' lang='grc' dir='ltr'>παντελὴς</span> <span class='ocrx_word' id='word_1_619' title='bbox 3911 4515 4014 4570; x_wconf 77' lang='grc' dir='ltr'><strong>τοῦ</strong></span> 
     </span>
    </p>
   </div>
   <div class='ocr_carea' id='block_1_88' title="bbox 728 4607 2309 4682">
    <p class='ocr_par' dir='ltr' id='par_1_88' title="bbox 728 4607 2309 4682">
     <span class='ocr_line' id='line_1_88' title="bbox 728 4607 2309 4682; baseline 0.002 -19"><span class='ocrx_word' id='word_1_620' title='bbox 728 4624 838 4682; x_wconf 81' lang='lat' dir='ltr'><strong>que</strong></span> <span class='ocrx_word' id='word_1_621' title='bbox 872 4623 937 4663; x_wconf 86' lang='lat' dir='ltr'><strong>ac</strong></span> <span class='ocrx_word' id='word_1_622' title='bbox 966 4607 1198 4678; x_wconf 85' lang='lat' dir='ltr'><strong>integra,</strong></span> <span class='ocrx_word' id='word_1_623' title='bbox 1225 4609 1346 4678; x_wconf 86' lang='lat' dir='ltr'><strong>ejus</strong></span> <span class='ocrx_word' id='word_1_624' title='bbox 1371 4609 1519 4678; x_wconf 88' lang='lat' dir='ltr'><strong>quod</strong></span> <span class='ocrx_word' id='word_1_625' title='bbox 1544 4609 1792 4679; x_wconf 89' lang='lat' dir='ltr'><strong>jucunde</strong></span> <span class='ocrx_word' id='word_1_626' title='bbox 1816 4608 2002 4674; x_wconf 70' lang='lat' dir='ltr'><strong>allicit,</strong></span> <span class='ocrx_word' id='word_1_627' title='bbox 2029 4611 2309 4680; x_wconf 90' lang='lat' dir='ltr'><strong>possessio</strong></span> 
     </span>
    </p>
   </div>
   <div class='ocr_carea' id='block_1_89' title="bbox 729 4710 836 4755">
    <p class='ocr_par' dir='ltr' id='par_1_89' title="bbox 729 4710 836 4755">
     <span class='ocr_line' id='line_1_89' title="bbox 729 4710 836 4755; baseline -0.028 0"><span class='ocrx_word' id='word_1_628' title='bbox 729 4710 836 4755; x_wconf 76' lang='lat' dir='ltr'><strong>est.</strong></span> 
     </span>
    </p>
   </div>
   <div class='ocr_carea' id='block_1_90' title="bbox 805 4790 2310 4862">
    <p class='ocr_par' dir='ltr' id='par_1_90' title="bbox 805 4790 2310 4862">
     <span class='ocr_line' id='line_1_90' title="bbox 805 4790 2310 4862; baseline 0.003 -16"><span class='ocrx_word' id='word_1_629' title='bbox 805 4792 890 4846; x_wconf 82' lang='lat'><strong>75.</strong></span> <span class='ocrx_word' id='word_1_630' title='bbox 927 4790 1131 4847; x_wconf 88' lang='lat' dir='ltr'><strong>Caveat</strong></span> <span class='ocrx_word' id='word_1_631' title='bbox 1155 4807 1379 4848; x_wconf 88' lang='lat' dir='ltr'><strong>necesse</strong></span> <span class='ocrx_word' id='word_1_632' title='bbox 1407 4801 1511 4856; x_wconf 89' lang='lat' dir='ltr'><strong>est,</strong></span> <span class='ocrx_word' id='word_1_633' title='bbox 1538 4792 1628 4862; x_wconf 87' lang='lat' dir='ltr'><strong>qui</strong></span> <span class='ocrx_word' id='word_1_634' title='bbox 1658 4792 1892 4847; x_wconf 90' lang='lat' dir='ltr'><strong>necdum</strong></span> <span class='ocrx_word' id='word_1_635' title='bbox 1922 4793 1991 4846; x_wconf 90' lang='lat' dir='ltr'><strong>ab</strong></span> <span class='ocrx_word' id='word_1_636' title='bbox 2020 4793 2310 4850; x_wconf 78' lang='lat' dir='ltr'><strong>affectibus</strong></span> 
     </span>
    </p>
   </div>
   <div class='ocr_carea' id='block_1_91' title="bbox 732 4882 2312 4957">
    <p class='ocr_par' dir='ltr' id='par_1_91' title="bbox 732 4882 2312 4957">
     <span class='ocr_line' id='line_1_91' title="bbox 732 4882 2312 4957; baseline 0.003 -21"><span class='ocrx_word' id='word_1_637' title='bbox 732 4894 897 4952; x_wconf 85' lang='lat' dir='ltr'><strong>atque</strong></span> <span class='ocrx_word' id='word_1_638' title='bbox 951 4882 1104 4936; x_wconf 87' lang='lat' dir='ltr'><strong>vitiis</strong></span> <span class='ocrx_word' id='word_1_639' title='bbox 1157 4883 1488 4936; x_wconf 90' lang='lat' dir='ltr'><strong>emundatus</strong></span> <span class='ocrx_word' id='word_1_640' title='bbox 1545 4893 1662 4947; x_wconf 90' lang='lat' dir='ltr'><strong>est,</strong></span> <span class='ocrx_word' id='word_1_641' title='bbox 1713 4884 2016 4939; x_wconf 88' lang='lat' dir='ltr'><strong>naturalem</strong></span> <span class='ocrx_word' id='word_1_642' title='bbox 2076 4887 2312 4957; x_wconf 83' lang='lat' dir='ltr'><strong>attingat</strong></span> 
     </span>
    </p>
   </div>
   <div class='ocr_carea' id='block_1_92' title="bbox 731 4973 2312 5049">
    <p class='ocr_par' dir='ltr' id='par_1_92' title="bbox 731 4973 2312 5049">
     <span class='ocr_line' id='line_1_92' title="bbox 731 4973 2312 5049; baseline 0.004 -21"><span class='ocrx_word' id='word_1_643' title='bbox 731 4973 1200 5044; x_wconf 88' lang='lat' dir='ltr'><strong>speculationem,</strong></span> <span class='ocrx_word' id='word_1_644' title='bbox 1251 4974 1323 5027; x_wconf 92' lang='lat' dir='ltr'><strong>ob</strong></span> <span class='ocrx_word' id='word_1_645' title='bbox 1367 4990 1559 5028; x_wconf 90' lang='lat' dir='ltr'><strong>earum</strong></span> <span class='ocrx_word' id='word_1_646' title='bbox 1608 4991 1790 5029; x_wconf 91' lang='lat' dir='ltr'><strong>rerum</strong></span> <span class='ocrx_word' id='word_1_647' title='bbox 1839 4976 2154 5042; x_wconf 88' lang='lat' dir='ltr'><strong>simulacra,</strong></span> <span class='ocrx_word' id='word_1_648' title='bbox 2188 4995 2312 5049; x_wconf 69' lang='lat' dir='ltr'><strong>quae</strong></span> 
     </span>
    </p>
   </div>
   <div class='ocr_carea' id='block_1_93' title="bbox 729 5068 2312 5138">
    <p class='ocr_par' dir='ltr' id='par_1_93' title="bbox 729 5068 2312 5138">
     <span class='ocr_line' id='line_1_93' title="bbox 729 5068 2312 5138; baseline 0.001 -16"><span class='ocrx_word' id='word_1_649' title='bbox 729 5081 956 5122; x_wconf 87' lang='lat' dir='ltr'><strong>sensum</strong></span> <span class='ocrx_word' id='word_1_650' title='bbox 996 5074 1244 5131; x_wconf 88' lang='lat' dir='ltr'><strong>movent,</strong></span> <span class='ocrx_word' id='word_1_651' title='bbox 1272 5077 1613 5137; x_wconf 90' lang='lat' dir='ltr'><strong>possuntque</strong></span> <span class='ocrx_word' id='word_1_652' title='bbox 1649 5068 1774 5138; x_wconf 92' lang='lat' dir='ltr'><strong>ejus</strong></span> <span class='ocrx_word' id='word_1_653' title='bbox 1807 5068 2051 5123; x_wconf 90' lang='lat' dir='ltr'><strong>animum</strong></span> <span class='ocrx_word' id='word_1_654' title='bbox 2084 5071 2150 5125; x_wconf 90' lang='lat' dir='ltr'><strong>ad</strong></span> <span class='ocrx_word' id='word_1_655' title='bbox 2184 5072 2312 5126; x_wconf 84' lang='lat' dir='ltr'><strong>libi—</strong></span> 
     </span>
    </p>
   </div>
   <div class='ocr_carea' id='block_1_94' title="bbox 729 5157 2311 5230">
    <p class='ocr_par' dir='ltr' id='par_1_94' title="bbox 729 5157 2311 5230">
     <span class='ocr_line' id='line_1_94' title="bbox 729 5157 2311 5230; baseline 0.003 -16"><span class='ocrx_word' id='word_1_656' title='bbox 729 5157 918 5214; x_wconf 86' lang='lat' dir='ltr'><strong>dinem</strong></span> <span class='ocrx_word' id='word_1_657' title='bbox 947 5159 1270 5224; x_wconf 89' lang='lat' dir='ltr'><strong>informare,</strong></span> <span class='ocrx_word' id='word_1_658' title='bbox 1297 5160 1390 5229; x_wconf 90' lang='lat' dir='ltr'><strong>qui</strong></span> <span class='ocrx_word' id='word_1_659' title='bbox 1426 5159 1662 5214; x_wconf 88' lang='lat' dir='ltr'><strong>necdum</strong></span> <span class='ocrx_word' id='word_1_660' title='bbox 1700 5161 1946 5230; x_wconf 86' lang='lat' dir='ltr'><strong>perfecte</strong></span> <span class='ocrx_word' id='word_1_661' title='bbox 1990 5163 2058 5217; x_wconf 92' lang='lat' dir='ltr'><strong>ab</strong></span> <span class='ocrx_word' id='word_1_662' title='bbox 2098 5164 2311 5219; x_wconf 80' lang='lat' dir='ltr'><strong>aﬁ‘ecti-</strong></span> 
     </span>
    </p>
   </div>
   <div class='ocr_carea' id='block_1_95' title="bbox 731 5250 2314 5319">
    <p class='ocr_par' dir='ltr' id='par_1_95' title="bbox 731 5250 2314 5319">
     <span class='ocr_line' id='line_1_95' title="bbox 731 5250 2314 5319; baseline 0.004 -14"><span class='ocrx_word' id='word_1_663' title='bbox 731 5250 837 5306; x_wconf 92' lang='lat' dir='ltr'><strong>bus</strong></span> <span class='ocrx_word' id='word_1_664' title='bbox 859 5251 1126 5307; x_wconf 87' lang='lat' dir='ltr'><strong>liberatus</strong></span> <span class='ocrx_word' id='word_1_665' title='bbox 1155 5252 1246 5307; x_wconf 89' lang='lat' dir='ltr'><strong>sit.</strong></span> <span class='ocrx_word' id='word_1_666' title='bbox 1285 5251 1417 5319; x_wconf 69' lang='lat' dir='ltr'><strong>Quae</strong></span> <span class='ocrx_word' id='word_1_667' title='bbox 1445 5253 1593 5306; x_wconf 92' lang='lat' dir='ltr'><strong>enim</strong></span> <span class='ocrx_word' id='word_1_668' title='bbox 1617 5269 1796 5319; x_wconf 88' lang='lat' dir='ltr'><strong>mens,</strong></span> <span class='ocrx_word' id='word_1_669' title='bbox 1831 5262 1891 5308; x_wconf 92' lang='lat' dir='ltr'><strong>ut</strong></span> <span class='ocrx_word' id='word_1_670' title='bbox 1916 5271 2140 5311; x_wconf 91' lang='lat' dir='ltr'><strong>sensum</strong></span> <span class='ocrx_word' id='word_1_671' title='bbox 2171 5257 2314 5311; x_wconf 92' lang='lat' dir='ltr'><strong>mul-</strong></span> 
     </span>
    </p>
   </div>
   <div class='ocr_carea' id='block_1_96' title="bbox 731 5343 2312 5420">
    <p class='ocr_par' dir='ltr' id='par_1_96' title="bbox 731 5343 2312 5420">
     <span class='ocr_line' id='line_1_96' title="bbox 731 5343 2312 5420; baseline 0.003 -22"><span class='ocrx_word' id='word_1_672' title='bbox 731 5352 886 5408; x_wconf 91' lang='lat' dir='ltr'><strong>ceat,</strong></span> <span class='ocrx_word' id='word_1_673' title='bbox 954 5343 1244 5400; x_wconf 88' lang='lat' dir='ltr'><strong>sensilium</strong></span> <span class='ocrx_word' id='word_1_674' title='bbox 1314 5359 1501 5399; x_wconf 86' lang='lat' dir='ltr'><strong>rerum</strong></span> <span class='ocrx_word' id='word_1_675' title='bbox 1567 5347 1955 5416; x_wconf 89' lang='lat' dir='ltr'><strong>conspectibus</strong></span> <span class='ocrx_word' id='word_1_676' title='bbox 2017 5348 2312 5420; x_wconf 83' lang='lat' dir='ltr'><strong>cogitando</strong></span> 
     </span>
    </p>
   </div>
   <div class='ocr_carea' id='block_1_97' title="bbox 731 5435 2308 5506">
    <p class='ocr_par' dir='ltr' id='par_1_97' title="bbox 731 5435 2308 5506">
     <span class='ocr_line' id='line_1_97' title="bbox 731 5435 2308 5506; baseline 0.002 -14"><span class='ocrx_word' id='word_1_677' title='bbox 731 5435 1080 5506; x_wconf 85' lang='lat' dir='ltr'><strong>immoratur,</strong></span> <span class='ocrx_word' id='word_1_678' title='bbox 1117 5436 1529 5492; x_wconf 88' lang='lat' dir='ltr'><strong>immundorum</strong></span> <span class='ocrx_word' id='word_1_679' title='bbox 1572 5437 1870 5494; x_wconf 78' lang='lat' dir='ltr'><strong>affectuum</strong></span> <span class='ocrx_word' id='word_1_680' title='bbox 1910 5457 1974 5496; x_wconf 89' lang='lat' dir='ltr'><strong>ac</strong></span> <span class='ocrx_word' id='word_1_681' title='bbox 2012 5440 2308 5496; x_wconf 89' lang='lat' dir='ltr'><strong>libidinum</strong></span> 
     </span>
    </p>
   </div>
   <div class='ocr_carea' id='block_1_98' title="bbox 2411 4619 3134 4690">
    <p class='ocr_par' dir='ltr' id='par_1_98' title="bbox 2411 4619 3134 4690">
     <span class='ocr_line' id='line_1_98' title="bbox 2411 4619 3134 4690; baseline -0.006 -16"><span class='ocrx_word' id='word_1_682' title='bbox 2411 4619 2754 4690; x_wconf 89' lang='grc' dir='ltr'><strong>καταθυμίου</strong></span> <span class='ocrx_word' id='word_1_683' title='bbox 2782 4619 3134 4687; x_wconf 82' lang='grc' dir='ltr'><strong>κατάσχεσις.</strong></span> 
     </span>
    </p>
   </div>
   <div class='ocr_carea' id='block_1_99' title="bbox 2483 4793 4011 4865">
    <p class='ocr_par' dir='ltr' id='par_1_99' title="bbox 2483 4793 4011 4865">
     <span class='ocr_line' id='line_1_99' title="bbox 2483 4793 4011 4865; baseline -0.004 -14"><span class='ocrx_word' id='word_1_684' title='bbox 2483 4797 2576 4854; x_wconf 79' lang='grc' dir='ltr'><strong>σε’.</strong></span> <span class='ocrx_word' id='word_1_685' title='bbox 2622 4798 2698 4852; x_wconf 85' lang='grc' dir='ltr'><strong>Οὐ</strong></span> <span class='ocrx_word' id='word_1_686' title='bbox 2749 4796 2832 4849; x_wconf 87' lang='grc' dir='ltr'>δεῖ</span> <span class='ocrx_word' id='word_1_687' title='bbox 2855 4797 2946 4848; x_wconf 77' lang='grc' dir='ltr'>τὸν</span> <span class='ocrx_word' id='word_1_688' title='bbox 2976 4795 3051 4865; x_wconf 80' lang='grc' dir='ltr'><strong>μὴ</strong></span> <span class='ocrx_word' id='word_1_689' title='bbox 3099 4794 3366 4864; x_wconf 84' lang='grc' dir='ltr'>πρότερον</span> <span class='ocrx_word' id='word_1_690' title='bbox 3398 4793 3743 4864; x_wconf 81' lang='grc' dir='ltr'><strong>καθαρθέντα</strong></span> <span class='ocrx_word' id='word_1_691' title='bbox 3787 4793 4011 4855; x_wconf 81' lang='grc' dir='ltr'><strong>παθῶν,</strong></span> 
     </span>
    </p>
   </div>
   <div class='ocr_carea' id='block_1_100' title="bbox 2415 4884 4016 4959">
    <p class='ocr_par' dir='ltr' id='par_1_100' title="bbox 2415 4884 4016 4959">
     <span class='ocr_line' id='line_1_100' title="bbox 2415 4884 4016 4959; baseline -0.004 -15"><span class='ocrx_word' id='word_1_692' title='bbox 2415 4889 2652 4959; x_wconf 82' lang='grc' dir='ltr'><strong>φυσικῆς</strong></span> <span class='ocrx_word' id='word_1_693' title='bbox 2695 4886 2964 4943; x_wconf 74' lang='grc' dir='ltr'><strong>ἅπτεσθαι</strong></span> <span class='ocrx_word' id='word_1_694' title='bbox 3018 4886 3286 4956; x_wconf 85' lang='grc' dir='ltr'><strong>θεωρίας,</strong></span> <span class='ocrx_word' id='word_1_695' title='bbox 3337 4886 3425 4939; x_wconf 82' lang='grc' dir='ltr'>διὰ</span> <span class='ocrx_word' id='word_1_696' title='bbox 3475 4884 3575 4948; x_wconf 73' lang='grc' dir='ltr'><strong>τὰς</strong></span> <span class='ocrx_word' id='word_1_697' title='bbox 3620 4885 3847 4949; x_wconf 75' lang='grc' dir='ltr'><strong>εἰκόνας</strong></span> <span class='ocrx_word' id='word_1_698' title='bbox 3899 4885 4016 4939; x_wconf 81' lang='grc' dir='ltr'>τῶν</span> 
     </span>
    </p>
   </div>
   <div class='ocr_carea' id='block_1_101' title="bbox 2419 4977 4013 5054">
    <p class='ocr_par' dir='ltr' id='par_1_101' title="bbox 2419 4977 4013 5054">
     <span class='ocr_line' id='line_1_101' title="bbox 2419 4977 4013 5054; baseline -0.002 -20"><span class='ocrx_word' id='word_1_699' title='bbox 2419 4980 2715 5054; x_wconf 87' lang='grc' dir='ltr'>αίσθητῶν,</span> <span class='ocrx_word' id='word_1_700' title='bbox 2754 4980 3058 5050; x_wconf 88' lang='grc' dir='ltr'>δυναμένας</span> <span class='ocrx_word' id='word_1_701' title='bbox 3095 4978 3342 5031; x_wconf 66' lang='grc' dir='ltr'>τὀπῶσαι</span> <span class='ocrx_word' id='word_1_702' title='bbox 3388 4977 3524 5049; x_wconf 70' lang='grc' dir='ltr'>πρδς</span> <span class='ocrx_word' id='word_1_703' title='bbox 3553 4977 3728 5042; x_wconf 89' lang='grc' dir='ltr'>πάθος</span> <span class='ocrx_word' id='word_1_704' title='bbox 3757 4978 3858 5030; x_wconf 80' lang='grc' dir='ltr'><strong>τὸν</strong></span> <span class='ocrx_word' id='word_1_705' title='bbox 3883 4978 4013 5031; x_wconf 59' lang='grc' dir='ltr'><strong>»οὖν</strong></span> 
     </span>
    </p>
   </div>
   <div class='ocr_carea' id='block_1_102' title="bbox 2416 5066 4011 5142">
    <p class='ocr_par' dir='ltr' id='par_1_102' title="bbox 2416 5066 4011 5142">
     <span class='ocr_line' id='line_1_102' title="bbox 2416 5066 4011 5142; baseline -0.002 -17"><span class='ocrx_word' id='word_1_706' title='bbox 2416 5071 2512 5126; x_wconf 81' lang='grc' dir='ltr'><strong>τοῦ</strong></span> <span class='ocrx_word' id='word_1_707' title='bbox 2547 5072 2621 5142; x_wconf 82' lang='grc' dir='ltr'>μὴ</span> <span class='ocrx_word' id='word_1_708' title='bbox 2663 5069 2887 5133; x_wconf 87' lang='grc' dir='ltr'><strong>τελείως</strong></span> <span class='ocrx_word' id='word_1_709' title='bbox 2917 5067 3320 5133; x_wconf 85' lang='grc' dir='ltr'><strong>ἀπαλλαγέντος</strong></span> <span class='ocrx_word' id='word_1_710' title='bbox 3355 5066 3566 5120; x_wconf 85' lang='grc' dir='ltr'><strong>παθῶν.</strong></span> <span class='ocrx_word' id='word_1_711' title='bbox 3622 5067 3681 5120; x_wconf 89' lang='lat'><strong>&#39;0</strong></span> <span class='ocrx_word' id='word_1_712' title='bbox 3711 5066 3829 5138; x_wconf 86' lang='grc' dir='ltr'><strong>γάρ</strong></span> <span class='ocrx_word' id='word_1_713' title='bbox 3861 5070 4011 5122; x_wconf 76' lang='grc' dir='ltr'><strong>κατὰ</strong></span> 
     </span>
    </p>
   </div>
   <div class='ocr_carea' id='block_1_103' title="bbox 2417 5157 4012 5235">
    <p class='ocr_par' dir='ltr' id='par_1_103' title="bbox 2417 5157 4012 5235">
     <span class='ocr_line' id='line_1_103' title="bbox 2417 5157 4012 5235; baseline -0.006 -15"><span class='ocrx_word' id='word_1_714' title='bbox 2417 5165 2717 5235; x_wconf 78' lang='grc' dir='ltr'><strong>φαντασίαν</strong></span> <span class='ocrx_word' id='word_1_715' title='bbox 2749 5165 2870 5225; x_wconf 86' lang='grc' dir='ltr'>ταῖς</span> <span class='ocrx_word' id='word_1_716' title='bbox 2898 5161 3246 5229; x_wconf 82' lang='grc' dir='ltr'><strong>ἐπιφανείαις</strong></span> <span class='ocrx_word' id='word_1_717' title='bbox 3286 5158 3394 5210; x_wconf 85' lang='grc' dir='ltr'>τῶν</span> <span class='ocrx_word' id='word_1_718' title='bbox 3423 5157 3697 5230; x_wconf 86' lang='grc' dir='ltr'>αἰσθητῶν</span> <span class='ocrx_word' id='word_1_719' title='bbox 3728 5160 4012 5229; x_wconf 82' lang='grc' dir='ltr'><strong>ἐναπομέ-</strong></span> 
     </span>
    </p>
   </div>
   <div class='ocr_carea' id='block_1_104' title="bbox 2414 5245 4010 5321">
    <p class='ocr_par' dir='ltr' id='par_1_104' title="bbox 2414 5245 4010 5321">
     <span class='ocr_line' id='line_1_104' title="bbox 2414 5245 4010 5321; baseline -0.004 -14"><span class='ocrx_word' id='word_1_720' title='bbox 2414 5271 2520 5307; x_wconf 93' lang='grc' dir='ltr'><strong>νων</strong></span> <span class='ocrx_word' id='word_1_721' title='bbox 2551 5253 2639 5307; x_wconf 87' lang='grc' dir='ltr'>διά</span> <span class='ocrx_word' id='word_1_722' title='bbox 2673 5251 2770 5321; x_wconf 77' lang='grc' dir='ltr'><strong>τὴν</strong></span> <span class='ocrx_word' id='word_1_723' title='bbox 2817 5248 3067 5319; x_wconf 73' lang='grc' dir='ltr'><strong>αἴσθησιν</strong></span> <span class='ocrx_word' id='word_1_724' title='bbox 3108 5246 3252 5310; x_wconf 82' lang='grc' dir='ltr'>νοῦς.</span> <span class='ocrx_word' id='word_1_725' title='bbox 3295 5246 3622 5317; x_wconf 85' lang='grc' dir='ltr'><strong>ἀκαθάρτων</strong></span> <span class='ocrx_word' id='word_1_726' title='bbox 3647 5245 3868 5313; x_wconf 85' lang='grc' dir='ltr'>γίνεται</span> <span class='ocrx_word' id='word_1_727' title='bbox 3899 5265 4010 5302; x_wconf 77' lang='grc' dir='ltr'><strong>πα-</strong></span> 
     </span>
    </p>
   </div>
   <div class='ocr_carea' id='block_1_105' title="bbox 2413 5337 4011 5414">
    <p class='ocr_par' dir='ltr' id='par_1_105' title="bbox 2413 5337 4011 5414">
     <span class='ocr_line' id='line_1_105' title="bbox 2413 5337 4011 5414; baseline -0.006 -16"><span class='ocrx_word' id='word_1_728' title='bbox 2413 5345 2525 5399; x_wconf 85' lang='grc' dir='ltr'><strong>θῶν</strong></span> <span class='ocrx_word' id='word_1_729' title='bbox 2551 5342 2900 5414; x_wconf 80' lang='grc' dir='ltr'><strong>δημιουργὸς.</strong></span> <span class='ocrx_word' id='word_1_730' title='bbox 2931 5340 3018 5394; x_wconf 74' lang='grc' dir='ltr'><strong>διὰ</strong></span> <span class='ocrx_word' id='word_1_731' title='bbox 3041 5338 3274 5410; x_wconf 86' lang='grc' dir='ltr'><strong>θεωρίας</strong></span> <span class='ocrx_word' id='word_1_732' title='bbox 3301 5337 3439 5408; x_wconf 78' lang='grc' dir='ltr'><strong>πρὸς</strong></span> <span class='ocrx_word' id='word_1_733' title='bbox 3463 5339 3531 5391; x_wconf 86' lang='grc' dir='ltr'><strong>τά</strong></span> <span class='ocrx_word' id='word_1_734' title='bbox 3562 5338 3807 5406; x_wconf 80' lang='grc' dir='ltr'>συγγενῆ</span> <span class='ocrx_word' id='word_1_735' title='bbox 3836 5339 4011 5405; x_wconf 76' lang='grc' dir='ltr'>νοητά</span> 
     </span>
    </p>
   </div>
   <div class='ocr_carea' id='block_1_106' title="bbox 2417 5433 3117 5509">
    <p class='ocr_par' dir='ltr' id='par_1_106' title="bbox 2417 5433 3117 5509">
     <span class='ocr_line' id='line_1_106' title="bbox 2417 5433 3117 5509; baseline -0.01 -16"><span class='ocrx_word' id='word_1_736' title='bbox 2417 5439 2494 5509; x_wconf 81' lang='grc' dir='ltr'><strong>μὴ</strong></span> <span class='ocrx_word' id='word_1_737' title='bbox 2522 5436 2816 5506; x_wconf 84' lang='grc' dir='ltr'>δυνάμενος</span> <span class='ocrx_word' id='word_1_738' title='bbox 2849 5433 3117 5502; x_wconf 76' lang='grc' dir='ltr'>διαϐῆναι.</span> 
     </span>
    </p>
   </div>
   <div class='ocr_carea' id='block_1_107' title="bbox 732 5522 3874 5606">
    <p class='ocr_par' dir='ltr' id='par_1_107' title="bbox 732 5522 3874 5606">
     <span class='ocr_line' id='line_1_107' title="bbox 732 5522 3874 5606; baseline -0.004 -16"><span class='ocrx_word' id='word_1_739' title='bbox 732 5548 831 5590; x_wconf 79' lang='lat' dir='ltr'><strong>seu</strong></span> <span class='ocrx_word' id='word_1_740' title='bbox 857 5535 1116 5591; x_wconf 84' lang='lat' dir='ltr'><strong>vitiorum</strong></span> <span class='ocrx_word' id='word_1_741' title='bbox 1144 5535 1342 5592; x_wconf 79' lang='lat' dir='ltr'><strong>artifex</strong></span> <span class='ocrx_word' id='word_1_742' title='bbox 1367 5536 1636 5604; x_wconf 84' lang='lat' dir='ltr'><strong>eﬁicitur;</strong></span> <span class='ocrx_word' id='word_1_743' title='bbox 1671 5537 1802 5593; x_wconf 87' lang='lat' dir='ltr'><strong>dum</strong></span> <span class='ocrx_word' id='word_1_744' title='bbox 1834 5551 2031 5606; x_wconf 90' lang='lat' dir='ltr'><strong>nempe</strong></span> <span class='ocrx_word' id='word_1_745' title='bbox 2061 5536 2162 5600; x_wconf 92' lang='lat' dir='ltr'><strong>illi,</strong></span> <span class='ocrx_word' id='word_1_746' title='bbox 2204 5533 2538 5605; x_wconf 89' lang='lat' dir='ltr'><strong>speculando</strong></span> <span class='ocrx_word' id='word_1_747' title='bbox 2566 5530 2635 5586; x_wconf 90' lang='lat' dir='ltr'><strong>ad</strong></span> <span class='ocrx_word' id='word_1_748' title='bbox 2669 5528 2847 5583; x_wconf 83' lang='lat' dir='ltr'><strong>alﬁnia</strong></span> <span class='ocrx_word' id='word_1_749' title='bbox 2880 5527 3246 5600; x_wconf 83' lang='lat' dir='ltr'><strong>intelligihilia</strong></span> <span class='ocrx_word' id='word_1_750' title='bbox 3277 5523 3512 5579; x_wconf 89' lang='lat' dir='ltr'><strong>transire</strong></span> <span class='ocrx_word' id='word_1_751' title='bbox 3539 5538 3649 5578; x_wconf 89' lang='lat' dir='ltr'><strong>non</strong></span> <span class='ocrx_word' id='word_1_752' title='bbox 3681 5522 3874 5578; x_wconf 89' lang='lat' dir='ltr'><strong>datur.</strong></span> 
     </span>
    </p>
   </div>
   <div class='ocr_carea' id='block_1_108' title="bbox 804 5650 2316 5724">
    <p class='ocr_par' dir='ltr' id='par_1_108' title="bbox 804 5650 2316 5724">
     <span class='ocr_line' id='line_1_108' title="bbox 804 5650 2316 5724; baseline -0.001 -16"><span class='ocrx_word' id='word_1_753' title='bbox 804 5650 966 5722; x_wconf 74' lang='lat'><strong>552</strong></span> <span class='ocrx_word' id='word_1_754' title='bbox 1002 5651 1091 5708; x_wconf 85' lang='lat'><strong>76.</strong></span> <span class='ocrx_word' id='word_1_755' title='bbox 1141 5650 1244 5719; x_wconf 86' lang='lat' dir='ltr'><strong>Qui</strong></span> <span class='ocrx_word' id='word_1_756' title='bbox 1288 5653 1799 5722; x_wconf 88' lang='lat' dir='ltr'><strong>perturbationibus</strong></span> <span class='ocrx_word' id='word_1_757' title='bbox 1836 5662 2002 5724; x_wconf 87' lang='lat' dir='ltr'><strong>atque</strong></span> <span class='ocrx_word' id='word_1_758' title='bbox 2039 5653 2189 5709; x_wconf 81' lang='lat' dir='ltr'><strong>vitiis</strong></span> <span class='ocrx_word' id='word_1_759' title='bbox 2232 5651 2316 5707; x_wconf 90' lang='lat' dir='ltr'><strong>in-</strong></span> 
     </span>
    </p>
   </div>
   <div class='ocr_carea' id='block_1_109' title="bbox 813 5822 1562 5895">
    <p class='ocr_par' dir='ltr' id='par_1_109' title="bbox 813 5822 1562 5895">
     <span class='ocr_line' id='line_1_109' title="bbox 813 5822 1562 5895; baseline -0.004 -16"><span class='ocrx_word' id='word_1_760' title='bbox 813 5827 827 5845; x_wconf 86' lang='lat'>&#39;</span> <span class='ocrx_word' id='word_1_761' title='bbox 863 5822 947 5879; x_wconf 87' lang='lat' dir='ltr'><strong>Cf.</strong></span> <span class='ocrx_word' id='word_1_762' title='bbox 985 5824 1071 5878; x_wconf 86' lang='lat' dir='ltr'><strong>ad.</strong></span> <span class='ocrx_word' id='word_1_763' title='bbox 1109 5825 1355 5880; x_wconf 88' lang='lat' dir='ltr'><strong>Thalass.</strong></span> <span class='ocrx_word' id='word_1_764' title='bbox 1390 5842 1440 5895; x_wconf 94' lang='lat' dir='ltr'><strong>q.</strong></span> <span class='ocrx_word' id='word_1_765' title='bbox 1477 5825 1562 5879; x_wconf 72' lang='grc' dir='ltr'><strong>ιι».</strong></span> 
     </span>
    </p>
   </div>
   <div class='ocr_carea' id='block_1_110' title="bbox 2495 5635 4009 5716">
    <p class='ocr_par' dir='ltr' id='par_1_110' title="bbox 2495 5635 4009 5716">
     <span class='ocr_line' id='line_1_110' title="bbox 2495 5635 4009 5716; baseline -0.011 -13"><span class='ocrx_word' id='word_1_766' title='bbox 2495 5647 2604 5713; x_wconf 84' lang='grc' dir='ltr'><strong>ος’.</strong></span> <span class='ocrx_word' id='word_1_767' title='bbox 2643 5649 2660 5669; x_wconf 85' lang='grc'>⁶</span> <span class='ocrx_word' id='word_1_768' title='bbox 2701 5644 2759 5700; x_wconf 85' lang='grc'><strong>’0</strong></span> <span class='ocrx_word' id='word_1_769' title='bbox 2787 5646 2846 5699; x_wconf 91' lang='grc' dir='ltr'>ἐν</span> <span class='ocrx_word' id='word_1_770' title='bbox 2880 5643 3057 5716; x_wconf 88' lang='grc' dir='ltr'><strong>καιρῷ</strong></span> <span class='ocrx_word' id='word_1_771' title='bbox 3082 5644 3182 5714; x_wconf 82' lang='grc' dir='ltr'><strong>τῆς</strong></span> <span class='ocrx_word' id='word_1_772' title='bbox 3213 5640 3322 5695; x_wconf 85' lang='grc' dir='ltr'>τῶν</span> <span class='ocrx_word' id='word_1_773' title='bbox 3355 5636 3544 5693; x_wconf 85' lang='grc' dir='ltr'>παθῶν</span> <span class='ocrx_word' id='word_1_774' title='bbox 3570 5635 4009 5697; x_wconf 79' lang='grc' dir='ltr'>ἐπαναστάσεως</span> 
     </span>
    </p>
   </div>
  </div>
