4192 6436
213 390 348 455 ἔειὶθ

897 390 1233 452 CAPITUM
1272 388 1696 463 QUINQUIES
1730 387 2250 452 CENTENORUM
2289 390 2677 455 CENTURIA
2722 396 2801 456 Il.

3346 394 3483 463 1'250

205 508 477 577 γενναίως
506 502 683 577 μύσας
720 503 815 567 τὰς
849 502 1159 573 αἰσθήσεις,
1191 501 1286 555 καὶ
1328 501 1427 571 τὴν
1450 500 1558 553 τῶν
1598 494 1793 569 αίσοη-

1898 500 2274 569 surgentibus.
2301 516 2607 572 eorumque
2642 505 2839 559 infesta
2864 504 3004 570 acie,
3038 520 3236 563 sensus
3270 507 3483 567 fortiter

204 599 317 651 τῶν
343 598 649 667 φαντασίαν
688 614 746 649 τε
787 597 883 649 καὶ
922 597 1144 665 μνήμην
1188 592 1472 654 παντελῶς
1498 591 1795 660 ἀπωσάμε-

203 706 320 750 νος,
349 691 442 741 καὶ
476 684 763 751 συστείλας
813 687 991 757 πάντη
1023 687 1123 750 τὰς
1154 683 1247 739 τοῦ
1275 683 1368 739 νοῦ
1400 683 1527 753 περὶ
1558 684 1658 753 τὴν
1686 680 1796 736 τῶν

207 780 365 842 ἐκτὸς
394 780 621 851 ἔρευναν
653 779 890 850 φυσικὰς
932 779 1200 849 κινήσεις,
1225 777 1534 847 κατῄσχυνε
1566 776 1796 847 νικήσας

206 870 299 925 διὰ
338 872 441 941 τῆς
472 872 625 935 θείας
655 872 858 946 χειρὸς,
892 872 993 942 τὴν
1023 872 1411 925 ὲπαναστᾶσαν
1439 867 1589 939 αὑτῷ
1623 886 1794 940 πονη-

212 965 316 1024 ρὰν
341 968 434 1017 καὶ
461 965 792 1036 τυραννικὴν
821 964 1164 1019 δυναστείαν.

278 1145 381 1208 οξό
413 1147 584 1198 Ὅταν
623 1144 787 1208 ἄνους
829 1147 858 1199 ὁ
904 1145 1065 1213 λόγος
1095 1143 1344 1215 γένηται.
1383 1142 1479 1196 καὶ
1518 1140 1798 1214 προπετὴς

206 1242 236 1292 ὁ
270 1238 446 1308 θυμὸς
473 1238 568 1290 καὶ
601 1237 795 1305 ἄλογος
835 1239 869 1307 ή
918 1236 1207 1307 ἐπιθυμία,
1238 1237 1334 1290 καὶ
1373 1236 1564 1304 άγνοια
1590 1233 1683 1287 καὶ
1707 1251 1799 1287 τυο

214 1332 403 1401 ραννὶς
430 1332 526 1383 καὶ
559 1331 828 1385 ἀκολασία
856 1330 1104 1402 κρατῶσι
1135 1331 1235 1400 τῆς
1258 1330 1458 1400 ψυχῆς,
1487 1329 1606 1382 τότε
1642 1330 1674 1397 ἡ
1701 1328 1798 1397 τῆς

208 1422 412 1483 κακίας
452 1420 565 1487 ἕξις
617 1421 935 1493 ἔμπρακτος
977 1421 1228 1489 γίνεσθαι
1278 1421 1517 1491 πέφυκε,
1556 1420 1801 1491 συμπλα-

209 1516 368 1567 κεῖσα
399 1517 466 1584 τῇ
495 1514 740 1585 διαφόρῳ
780 1514 890 1567 τῶν
925 1513 1236 1585 αἰσθήσεων
1265 1512 1447 1585 ἡδονῇ.

278 1611 381 1675 οη’.
417 1604 539 1675 Χρὴ
566 1603 658 1657 τὸν
688 1604 1009 1671 γνωστικῶς
1029 1605 1130 1667 τὰς
1158 1603 1427 1674 ἀοράτους
1454 1602 1796 1673 συμπλοκὰς,

210 1697 547 1750 ὑπιλύσκειν
577 1697 647 1767 (It)
676 1698 1040 1767 ἐπιστάμενον
1064 1696 1210 1761 νοῦν,
1247 1698 1380 1769 μήτε
1411 1697 1647 1767 φυσικὴν
1683 1714 1803 1767 μετ·

210 1790 352 1843 ιέναι
373 1788 629 1859 θεωρίαν,
661 1789 783 1859 μηδ’
812 1789 939 1843 ἄλλο
967 1806 1021 1841 τι
1060 1792 1234 1843 ποιεῖν
1263 1790 1323 1843 ἐν
1348 1788 1428 1861 τῷ
1491 1791 1669 1861 καιρῷ
1696 1792 1800 1860 τῆς

205 1880 320 1933 τῶν
349 1879 603 1950 πονηρῶν
630 1879 914 1951 δυνάμεων
946 1880 1273 1951 προσϐολῆς,
1315 1880 1347 1952 ἢ
1379 1882 1540 1952 μόνον
1564 1882 1798 1949 προσεύ-

208 1970 427 2041 χεσθαι,
471 1974 566 2023 καὶ
608 1970 668 2023 τὸ
706 1972 867 2042 σῶμα
909 1974 1093 2035 πόνοις
1142 1973 1428 2043 δαμάζειν.
1462 1976 1555 2027 καὶ
1584 1976 1681 2045 τὴν
1705 1973 1797 2028 τοῦ

207 2063 399 2133 χοϊκοῦ
435 2064 785 2133 φρονήματος
818 2064 906 2115 διὰ
942 2063 1125 2133 πάσης
1152 2065 1385 2136 σπουδῆς
1409 2066 1678 2118 ποιεῖσθαι
1702 2082 1800 2118 κα-

208 2154 481 2225 θαίρεσιν,
521 2154 613 2207 καὶ
646 2154 938 2224 φυλάττειν
979 2154 1046 2209 τὰ
1084 2155 1237 2227 τείχη
1272 2157 1370 2226 τῆς
1402 2158 1628 2222 πόλεως·
1656 2159 1800 2226 λέγω

204 2246 266 2300 δὲ
298 2245 396 2309 τὰς
438 2247 811 2317 φρουρητικὰς
870 2247 970 2316 τῆς
1011 2247 1190 2318 ψυχῆς
1238 2249 1460 2319 ἀρετὰς,
1500 2250 1532 2320 ἦ
1565 2251 1663 2310 τὰς
1692 2249 1799 2317 τῶν

205 2338 423 2409 ἀρετῶν
466 2338 809 2407 φυλακτικάς
848 2340 1126 2411 μεθόδους·
1166 2342 1493 2412 ὲγκράτειαν
1525 2343 1668 2410 λέγω
1707 2343 1800 2395 καὶ

207 2432 493 2501 ὑπομονήν
517 2448 532 2463 ·
576 2433 774 2502 μήπως
817 2431 907 2484 διὰ
957 2432 1066 2484 τῶν
1104 2432 1295 2498 δεξιῶν
1327 2434 1634 2505 ἀπατήσας.
1673 2437 1801 2488 ἀπο-

205 2527 386 2601 στήσῃ
412 2523 549 2578 Θεοῦ
582 2524 788 2594 κλέψας
817 2526 915 2595 τὴν
947 2525 1155 2594 ἔφεσιν,
1174 2530 1209 2581 ό
1241 2527 1338 2599 τὴν
1361 2528 1539 2599 ψυχὴν
1566 2529 1799 2591 ποτίζων

204 2616 534 2687 ἀνατραπήν
558 2616 809 2688 θολερὰν,
830 2618 926 2670 καὶ
946 2617 1033 2671 διὰ
1054 2618 1163 2673 τῶν
1194 2620 1566 2690 νομιζομένων
1596 2620 1796 2684 καλῶν,

202 2708 351 2779 πρὸς
383 2708 450 2762 τὰ
491 2708 713 2780 χείρονα
766 2708 866 2780 τὴν
909 2709 978 2765 τά
1035 2710 1180 2765 καλὰ
1232 2710 1503 2780 ζητοῦσαν
1553 2712 1798 2783 ὑποσύρῃ

201 2800 468 2856 διάνοιαν.

282 2981 381 3034 σθ’.
429 2982 489 3034 'O
512 2983 776 3050 γενναίως
822 2982 912 3037 διὰ
952 2988 1052 3053 τῆς
1088 2984 1479 3059 λελογισμένης
1513 2988 1605 3040 καὶ
1643 3005 1800 3061 περι-

204 3073 437 3143 εκτικῆς
474 3073 799 3144 ἐγκρατείας
850 3075 912 3145 (Ι)
941 3078 1038 3130 καὶ
1077 3077 1354 3147 ὑπομονῆς
1387 3078 1563 3149 μύσας
1589 3080 1686 3142 τὰς
1715 3082 1801 3131 αἰ-

1897 590 2176 656 clauserit,
2212 609 2507 664 rerumque
2550 611 2771 651 sensum
2814 598 3156 653 moventium
3195 600 3487 671 cogitatio-

1897 697 2021 736 nem
2070 686 2506 755 memoriamque
2547 689 2774 743 omnino
2823 690 3164 746 submoverit
3205 708 3219 744 :
3257 700 3489 765 natura-

1897 774 2086 845 lesque
2122 777 2311 831 itidem
2341 780 2509 834 animi
2537 788 2721 834 motus
2752 780 2849 834 abs
2879 782 3193 837 scrutandis
3226 783 3338 838 illis
3367 799 3491 854 qua:

1897 869 2144 924 exterius
2190 879 2348 933 sunt,
2401 873 2624 940 penitus
2671 873 3011 939 coercuerit,
3063 874 3249 929 divina
3295 875 3491 931 dextra

1898 960 2227 1028 opitulante,
2262 960 2458 1025 victor,
2487 978 2607 1031 qum
2639 964 2691 1015 in
2718 979 2845 1018 eum
2870 963 3239 1019 insurrexerat
3267 967 3492 1038 nequis-

1898 1052 2092 1105 simam
2121 1067 2185 1106 ac
2215 1052 2558 1124 tyrannieam
2592 1064 2940 1125 potestatem,
2972 1055 3241 1111 confudit.

1972 1145 2058 1197 77.
2110 1143 2246 1198 Cum
2297 1146 2440 1200 ratio
2488 1142 2707 1211 amens,
2759 1149 2839 1202 ira
2888 1163 3166 1218 prmceps,
3214 1149 3490 1219 cupiditas

1900 1233 2021 1288 sine
2056 1235 2290 1300 ratione,
2333 1236 2665 1304 ignorantia,
2698 1238 2801 1301 vis,
2838 1234 3061 1292 lascivia
3106 1239 3349 1293 animum
3385 1241 3490 1294 sibi

1900 1324 2301 1393 manciparint;
2362 1334 2496 1379 tunc
2554 1326 2744 1395 vigens
2804 1336 2968 1395 atque
3021 1327 3209 1382 ellicax
3268 1328 3492 1388 malitia:

1901 1414 2145 1479 habitus,
2196 1417 2487 1487 multiplici
2530 1434 2794 1473 sensuum
2841 1418 3058 1474 libidini
3105 1421 3488 1491 complicatus,

1900 1507 2145 1576 proclive
2180 1507 2382 1562 evadit.
2618 1492 2619 1495 η

1976 1598 2060 1652 78.
2095 1598 2290 1669 Operae
2335 1602 2573 1670 pretium
2620 1612 2724 1664 est,
2759 1610 2821 1656 ut
2864 1604 3144 1672 sapienter
3186 1603 3495 1659 invisibiles

1903 1704 2235 1762 congressus
2272 1694 2657 1764 subterfugere
2693 1696 2888 1750 doctus
2934 1696 3173 1760 animus,
3200 1713 3312 1767 quo
3355 1705 3493 1751 tem-

1905 1796 2037 1850 pore
2070 1783 2424 1851 nequissime
2469 1793 2773 1853 potestates
2804 1784 3156 1848 adoriuntur,
3191 1801 3293 1840 nec
3324 1797 3485 1840 natu.

1832 1855 1872 1909 Β
1904 1875 2071 1929 ralem
2100 1875 2263 1930 obeat
2293 1877 2745 1946 speculationem,
2789 1893 2971 1946 neque
3010 1877 3160 1932 aliud
3193 1878 3327 1948 quid
3356 1896 3495 1949 pne-

1901 1973 2029 2028 stet,
2063 1956 2167 2021 nisi
2209 1967 2388 2020 solum
2438 1976 2498 2020 ut
2549 1968 2813 2036 precibus
2855 1968 3137 2023 incumbat
3179 1984 3244 2025 ac
3291 1985 3492 2041 corpus

1900 2056 2185 2111 laboribus
2245 2057 2463 2123 domet,
2523 2060 2787 2128 oumique
2853 2058 3138 2131 diligentia
3203 2069 3489 2117 terrenum

1902 2164 2123 2203 sensum
2180 2166 2242 2204 ac
2293 2151 2639 2220 prudentiam
2691 2151 2975 2216 destruat,
3028 2161 3195 2222 atque
3252 2153 3492 2209 civitatis

1901 2257 2089 2296 muros
2129 2242 2403 2296 custodiat
2434 2260 2448 2295 :
2484 2259 2681 2312 nempe
2724 2245 2982 2307 virtutes,
3022 2246 3228 2314 quibus
3271 2246 3491 2301 animus

1903 2343 1963 2390 ut
2006 2336 2259 2405 praesidio
2301 2336 2613 2401 muniatur;
2648 2343 2741 2389 aut
2775 2338 3016 2391 rationes
3052 2338 3280 2406 viasque
3315 2339 3492 2393 virtu-

1902 2438 2019 2483 tum
2047 2429 2308 2483 custodes
2340 2429 2757 2499 (continentiam
2793 2430 3006 2483 scilicet
3035 2437 3090 2483 et
3121 2430 3489 2500 patientiam),

1901 2537 1970 2575 ne
2011 2537 2121 2590 quo
2157 2520 2320 2574 modo
2346 2521 2413 2584 is,
2448 2520 2539 2590 qui
2591 2520 2814 2574 turbida
2854 2520 3213 2575 subversionc
3245 2522 3487 2576 animum

1902 2621 2053 2681 potat
2088 2612 2151 2675 “,
2201 2627 2299 2681 per
2334 2627 2595 2681 prospera
2624 2611 2958 2673 seducendo,
2986 2611 3297 2665 clanculum
3322 2627 3350 2665 a
3379 2612 3491 2667 Deo

1901 2701 2259 2771 cupiditatem
2304 2708 2547 2764 avertat;
2577 2714 2641 2751 ac
2682 2714 2779 2766 per
2810 2713 2896 2760 ea,
2929 2713 3051 2766 qua:
3098 2697 3317 2751 honesti
3363 2712 3490 2768 spe-

1902 2794 2041 2848 ciem
2091 2792 2328 2855 habent,
2379 2800 2617 2845 mentem
2669 2790 2786 2844 h:ec
2838 2790 2954 2860 ipsa
3006 2799 3376 2859 quarrentem,
3421 2790 3489 2844 ad

1902 2877 2177 2941 deteriora
2211 2885 2484 2955 paulatim
2510 2884 2709 2937 trahat.

1972 2981 2059 3034 79.
2096 2979 2197 3046 Qui
2226 2977 2573 3032 considerata
2599 2993 2662 3030 ac
2691 2984 2983 3031 coercente
3002 2992 3098 3031 seu
3125 2988 3489 3032 conservante

1902 3088 1963 3127 ac
1997 3076 2269 3127 retinente
2301 3071 2641 3126 continentia
2681 3070 3054 3141 patientiaque
3100 3079 3324 3125 strenue
3364 3086 3493 3125 seu-

204 3164 458 3236 σθήσεις,
484 3166 581 3217 καὶ
604 3166 693 3219 διὰ
718 3166 826 3221 τῶν
849 3166 989 3221 κατὰ
1017 3168 1197 3238 ψυχὴν
1227 3169 1512 3239 δυνάμεων
1534 3171 1632 3235 τὰς
1663 3171 1796 3241 πρὸς

1902 3183 1996 3221 sus
2022 3167 2302 3228 clauserit,
2341 3180 2637 3233 rerumque
2668 3180 2892 3217 sensum
2928 3163 3265 3218 moventium
3298 3163 3491 3234 ﬁguris

199 3256 304 3311 τδν
338 3256 463 3311 νοῦν
507 3258 617 3310 τῶν
650 3259 927 3330 αίσθητῶν
971 3261 1272 3331 σχημάτων
1303 3262 1656 3331 ἀποτειχίσας
1681 3264 1797 3315 εἰσί

201 3351 386 3415 ὁδους,
414 3352 657 3421 εὐχερῶς
709 3351 804 3404 τοῦ
858 3352 1109 3405 διαϐόλου
1156 3352 1254 3416 τὰς
1293 3353 1533 3423 πονηρὰς
1564 3354 1798 3407 διόλλυσι

208 3442 487 3513 μηχανὰς,
528 3443 887 3514 ὑποστρέφων
933 3444 1094 3497 αὑτὸν
1138 3446 1257 3513 μετ’
1291 3446 1553 3516 αἰσχύνης
1593 3449 1658 3517 τῇ
1695 3447 1798 3517 όδῷ

203 3529 242 3609 ᾖ
278 3531 464 3606 ἦλθεν.
515 3534 667 3599 Ὀδὺς
697 3536 751 3587 δὲ
782 3536 846 3589 δι’
884 3532 953 3608 ἦς
981 3539 1009 3589 ὁ
1037 3536 1283 3601 διάϐολος
1307 3537 1549 3609 ἔρχεται,
1586 3540 1702 3593 ἐστὶ
1729 3540 1798 3594 τὰ

206 3628 352 3698 πρὸς
402 3628 663 3682 σύστασιν
704 3630 798 3683 τοῦ
838 3630 1091 3702 σώματος
1138 3630 1275 3685 εἶναι
1320 3633 1583 3688 δοκοῦντα
1616 3633 1796 3690 ὑλικὰ.

285 3891 362 3946 π’.
391 3892 535 3956 Νοῦς
585 3892 765 3963 ἑαυτῷ
795 3895 937 3948 κατὰ
972 3896 1135 3964 φύσιν
1174 3896 1262 3950 διὰ
1297 3896 1461 3968 μέσου
1493 3898 1651 3966 λόγου
1680 3915 1799 3952 συν-

205 3985 358 4052 άψας
416 3986 516 4055 τὴν
563 3987 837 4056 αἴσθησιν,
898 3990 995 4060 τὴν
1038 3992 1102 4044 ὲκ
1150 3995 1247 4061 τῆς
1289 3993 1525 4063 φυσικῆς
1564 3994 1797 4064 θεωρίας

202 4078 391 4150 ἀληθῆ
417 4080 736 4147 συλλέγεται
766 4082 989 4149 γνῶσιν.

285 4177 399 4224 παν.
435 4172 616 4241 Πηγαί
669 4175 808 4225 εἰσιν
843 4173 946 4237 ἔξω
1003 4174 1103 4241 τῆς
1152 4175 1380 4240 πόλεως·
1416 4178 1665 4231 τουτέστι
1697 4178 1797 4247 τῆς

202 4262 416 4332 ψυχῆς·
440 4261 503 4325 ἃς
534 4263 777 4327 Ἑζεκίας
799 4266 1122 4336 ἐμφράττει·
1140 4266 1204 4319 τὰ
1221 4268 1453 4339 αἰσθητᾶ
1476 4270 1653 4322 πάντα
1677 4273 1793 4341 (τη)-

206 4355 385 4409 ῦδατα
443 4357 500 4409 δὲ
557 4357 764 4410 τούτων
801 4360 1131 4427 τυγχάνουσι
1174 4360 1283 4412 τῶν
1342 4364 1555 4429 πηγῶν,
1591 4364 1657 4415 τά
1690 4366 1797 4417 τῶν

204 4447 490 4518 αίσθητῶν
520 4449 787 4519 νοήματα·
840 4451 1084 4519 ποταμὸς
1121 4451 1179 4504 δὲ
1224 4452 1472 4522 διορίζων
1505 4454 1593 4506 διὰ
1626 4455 1797 4525 μέσης

1901 3276 2000 3331 per
2042 3262 2237 3315 animae
2280 3260 2427 3313 vires
2472 3257 2680 3331 aditum
2722 3260 2777 3310 in
2825 3266 3065 3311 mentem
3111 3257 3484 3327 interceperit,

1900 3328 1968 3420 is,
1991 3355 2137 3408 facili
2176 3354 2398 3424 negotio
2435 3328 2800 3421 nequissimas
2826 3350 3028 3404 diaboli
3067 3350 3350 3405 machinas
3373 3351 3488 3406 dis-

1899 3448 2043 3518 sipat
2069 3464 2133 3503 ac
2167 3448 2377 3519 perdit;
2412 3447 2593 3501 redire
2632 3462 2758 3501 eum
2794 3446 3004 3516 pudore
3038 3462 3262 3516 cogens,
3290 3446 3485 3502 eadem

1901 3542 2017 3611 ipsa
2044 3542 2152 3607 via,
2182 3548 2292 3611 qua
2321 3541 2489 3596 venit.
2521 3540 2616 3594 Via
2644 3549 2829 3594 autem
2866 3556 2973 3609 qua
3015 3540 3270 3595 diabolus
3307 3540 3482 3605 venit,

1901 3643 2123 3690 terrena
2150 3636 2241 3701 illa
2273 3633 2607 3689 adminicula
2642 3641 2791 3698 sunt,
2824 3634 3040 3703 quaead
3072 3632 3323 3703 corporis
3353 3649 3487 3688 con-

1900 3728 2134 3783 ﬂandam
2164 3727 2432 3783 vitam'ac
2465 3727 2896 3782 conservandam
2937 3727 3252 3783 conducere
3292 3726 3488 3783 viden-

1902 3825 1994 3871 tur
2021 3817 2086 3871 "°.

1970 3908 2060 3963 80.
2094 3908 2328 3962 Animus
2364 3908 2461 3977 qui
2500 3908 2605 3962 sibi
2638 3905 2965 3960 intermedia
3012 3907 3247 3969 ratione,
3280 3905 3359 3959 uti
3390 3921 3483 3960 na-

1900 4010 2022 4055 tura
2058 4009 2433 4069 comparatum
2475 4008 2578 4063 est,
2616 4013 2839 4053 sensum
2893 3998 3255 4066 copulaverit,
3298 4012 3480 4051 veram

1899 4107 1966 4146 ex
1990 4091 2228 4145 naturali
2257 4090 2634 4160 speculatione
2665 4090 2841 4160 carpit
2867 4089 3177 4143 scientiam.

1970 4182 2058 4237 81.
2118 4182 2318 4237 Fontes
2368 4190 2520 4234 extra
2573 4181 2856 4235 civitatem
2909 4179 3181 4249 (animam
3236 4178 3482 4246 scilicet)

1878 4290 2040 4344 quos
2067 4274 2330 4329 Ezechias
2372 4273 2649 4328 obstruxit
2676 4273 2743 4337 “,
2771 4280 2971 4326 cuncta
3016 4286 3079 4324 ea
3121 4278 3251 4326 sunt
3276 4270 3484 4340 quaein

1900 4383 2122 4421 sensum
2160 4366 2384 4420 cadunt.
2422 4364 2627 4419 Horum
2670 4373 2857 4417 autem
2903 4362 3136 4416 fontium
3180 4378 3357 4432 aquae,
3387 4373 3485 4417 ea-

1899 4456 2151 4510 rumdem
2196 4471 2383 4509 rerum
2429 4463 2558 4508 sunt
2599 4464 2879 4523 conceptae
2922 4454 3105 4507 animo
3146 4453 3389 4507 rationes
3421 4468 3486 4507 ac

200 4539 311 4609 τῆς
356 4537 567 4604 πόλεώς
600 4541 769 4604 ἐστιν,
812 4543 846 4611 ή
886 4545 1026 4595 κατὰ
1055 4545 1290 4614 φυσικὴν
1331 4543 1564 4615 θεωρίαν
1596 4549 1660 4599 ἐκ
1689 4547 1795 4600 τῶν

1900 4549 2174 4603 notiones.
2212 4547 2441 4603 Fluvius
2487 4562 2587 4617 per
2626 4545 2861 4601 mediam
2898 4545 3166 4601 dirimens
3198 4544 3359 4615 553
3403 4546 3485 4600 ci-

282 4694 328 4727 “
351 4693 556 4752 Hahae.
582 4711 642 4763 tt,
668 4698 755 4753 l5.
834 4699 881 4734 "
905 4698 974 4755 IV
1004 4699 1138 4771 Reg.
1173 4716 1282 4766 nx,
1312 4702 1400 4757 55.
1477 4703 1519 4733 ⁷⁸
1556 4702 1600 4757 ll
1638 4704 1816 4758 Paral.
1846 4719 2013 4763 xxxn,
2044 4702 2096 4757 3.

286 4851 361 4922 (Ic)
395 4852 508 4918 Τὰς
539 4852 837 4918 domitore
873 4856 1236 4922 συμπλοκὰς
1260 4858 1661 4912 ὐπαλύσκειν.
1716 4860 1795 4915 lla

205 4937 416 4997 nempe
450 4937 591 4997 saepe
615 4934 836 4997 cautum
879 4926 1127 4982 victoriae
1162 4935 1270 4997 est,
1305 4927 1452 4997 quod
1474 4944 1628 4984 mora
1653 4937 1795 4984 tem-

203 4993 368 5069 poris
390 5008 455 5048 ac
484 4992 611 5069 fuga
644 4994 839 5069 pnelii,
879 5011 969 5069 res
995 5012 1124 5051 suas
1175 4995 1301 5067 quis
1324 4992 1390 5069 in
1431 5008 1549 5069 tuto
1591 5008 1793 5069 ponat;

206 5062 483 5140 sinatque_
505 5062 719 5140 hostem
750 5065 1014 5140 ipsum_in
1061 5082 1118 5122 se
1146 5062 1276 5123 suas
1299 5068 1447 5124 vires
1494 5062 1752 5140 frangere
1781 5062 1796 5125 Ξ

205 5149 325 5202 quo
358 5135 523 5188 modo
552 5134 755 5189 Fabius
788 5151 901 5189 rem
932 5136 1235 5192 Romanam
1269 5139 1582 5195 cunctando
1625 5134 1801 5196 'resti-

207 5204 343 5258 tuit.
396 5206 568 5279 Quem
594 5220 817 5260 sensum
847 5206 1055 5279 melius
1086 5209 1364 5275 redderet,
1390 5210 1537 5279 quod
1560 5226 1627 5264 ex
1664 5227 1795 5266 mss.

204 5274 619 5350 emendandqu
650 5285 992 5345 putaveram,
1038 5274 1429 5332 ὑπαναλίσκειν
1462 5298 1474 5311 ·
1519 5280 1667 5350 quod
1703 5282 1795 5346 sit,

207 5344 480 5418 paulatim
519 5344 826 5399 consumere
860 5350 1155 5418 sensimque
1185 5350 1453 5414 deterere;
1484 5344 1580 5405 sed
1624 5344 1795 5406 malui

205 5414 383 5479 edita,
411 5416 525 5484 ipsa
564 5431 673 5470 non
708 5418 870 5482 mala,
909 5414 1243 5487 relinquere.
1286 5420 1424 5474 Male
1447 5438 1579 5475 vero
1608 5423 1792 5480 Picus.

209 5488 538 5558 συμπλοκάς
564 5488 868 5558 ἀοράτουςξ
902 5488 1184 5558 inuisibilia
1215 5490 1510 5544 involucra.

286 5555 349 5625 (ι)
377 5557 487 5609 Kal.
540 5555 914 5623 περιεκτικῆς
960 5556 1325 5628 ἐγκρατείας.
1361 5562 1537 5615 Etiam
1573 5572 1720 5616 cent.
1758 5579 1793 5628 ι,

209 5628 406 5701 ρξλή
462 5628 786 5701 περιεκτικὴ
818 5630 1151 5701 ἐγκράτεια·
1206 5646 1318 5699 quo
1374 5632 1497 5686 loco
1550 5634 1791 5701 sugillati

208 5696 416 5769 ObsOp.
452 5704 509 5750 et
540 5696 771 5769 Gesner.
810 5699 941 5751 dum
975 5700 1126 5769 prior
1150 5696 1443 5769 acquisita,-
1478 5696 1644 5765 alter:
1670 5705 1791 5757 uui-

208 5767 434 5820 verxalis
487 5767 988 5840 reddit._7Pmpius‘
1025 5786 1142 5825 rem
1194 5767 1376 5840 attigit
1425 5774 1609 5836 Picus,
1659 5774 1790 5826 dum

210 5848 480 5893 coercente
511 5838 767 5903 reddidit;
795 5856 913 5909 (μην
939 5840 1149 5896 scilicet
1179 5838 1477 5908 contineat,
1499 5852 1790 5914 teneatque

1897 4874 1962 4912 ac
1977 4866 2232 4914 coerceat
2258 4857 2527 4922 animum,
2559 4872 2628 4912 ne
2654 4873 2713 4912 se
2738 4857 2937 4912 adduci
2971 4855 3264 4912 aﬂectibus
3284 4857 3436 4927 sinat,
3466 4874 3478 4910 :

1864 4977 1868 4980 .
1900 4930 1981 4983 uti
2021 4944 2089 4984 eo
2122 4929 2246 4983 loco
2284 4930 2598 4997 expositum
2629 4944 2659 4982 a
2683 4944 2768 4983 me
2792 4928 2913 4982 iuit.

1972 4998 2074 5068 (ml
2131 4999 2207 5052 Τὰ
2238 5000 2492 5062 αἰσθητὰ
2524 4998 2740 5052 πάντα.
2773 4997 3041 5052 Luxatum
3071 5006 3279 5052 textum
3315 5014 3480 5052 seen:

1901 5074 1990 5124 tus
2040 5068 2227 5132 Picus,
2259 5068 2399 5122 nihil
2449 5078 2575 5138 apte
2627 5068 2904 5123 reddidit:
2954 5071 3049 5123 hoc
3104 5077 3180 5122 est
3236 5070 3484 5122 universa

1898 5139 2119 5194 sensilia
2150 5140 2365 5192 animae.
2399 5138 2541 5193 Sunt
2583 5140 2781 5193 anima:
2811 5151 2868 5193 et
2910 5139 3192 5203 dicuntur,
3235 5138 3483 5193 universi

1906 5225 2121 5272 sensus,
2148 5225 2258 5263 non
2288 5210 2530 5264 sensilia.
2554 5210 2692 5263 Illud
2716 5225 2846 5279 ergo
2863 5210 3130 5272 τουτέστι,
3151 5209 3257 5279 τῆς
3283 5208 3483 5279 ψυχῆς,

1905 5281 2165 5357 allegoria
2192 5289 2299 5343 est,
2337 5280 2435 5332 τοὺ
2469 5280 2573 5345 ἔξω
2598 5281 2694 5348 τῆς
2731 5276 2961 5357 πόλεως,
3018 5278 3167 5349 quod
3197 5294 3264 5357 ex

1906 5348 2287 5419 repraesento:
2337 5358 2467 5404 sunt
2514 5366 2710 5419 nempe
2755 5350 2999 5413 sensilia,
3040 5348 3331 5403 exteriora
3391 5348 3483 5401 illa

1904 5419 2195 5474 inﬂuentis
2244 5421 2298 5474 in
2331 5422 2593 5485 animam,
2660 5436 2757 5489 per
2814 5435 3031 5482 sensus,
3066 5419 3221 5489 quasi
3269 5428 3484 5473 meatus

1900 5492 2209 5560 quosdam,
2269 5506 2298 5543 a
2350 5491 2550 5559 quibus
2612 5491 2907 5560 diligenter
2962 5490 3312 5551 cavendum,
3385 5489 3476 5542 ob-

1900 5561 2166 5615 struendo
2191 5562 2415 5615 eosdem
2447 5576 2660 5620 sensus,
2692 5577 2815 5614 cum
2839 5576 2933 5630 per
2960 5576 3057 5614 eos
3080 5575 3183 5613 una
3209 5573 3335 5612 eum
3352 5574 3481 5613 sen-

1898 5632 2114 5693 silibus,
2148 5632 2325 5685 hostis
2362 5632 2585 5701 ingruit.
2626 5632 2766 5686 Sunt
2798 5631 2851 5685 hi
2883 5631 3158 5691 fenestraa,
3210 5645 3309 5700 per
3343 5643 3483 5700 quas

1897 5717 2047 5756 mors
2075 5702 2347 5763 ascendit,
2385 5703 2587 5756 Jerem.
2622 5717 2695 5767 Ix,
2730 5718 2853 5772 qua:
2879 5702 2985 5756 alia
3014 5701 3340 5771 metaphora
3365 5705 3477 5761 est,

1895 5773 2143 5843 ejusdem
2166 5787 2379 5827 sensus.
