4192 6436
254 422 368 484 1253

902 413 1233 476 CAPI'I‘UM
1272 408 1692 484 QUINQUIES
1729 406 2247 468 CENTENORUM
2285 403 2671 464 CENTURIA
2714 404 2791 461 ll.

3341 410 3471 468 1⁸254

241 532 553 600 ἐπαγγελίας
601 530 711 583 τῶν
763 528 1059 598 ἀκηράτων
1097 526 1350 595 ἀγαθῶν,
1385 523 1705 593 ἀγνοοῦντες
1733 522 1801 575 τὰ

1903 521 2266 581 addixerunt,
2315 518 2643 571 immortalia
2690 518 2832 571 bona
2878 516 3176 586 promissa,
3213 533 3329 575 avo
3376 520 3478 575 hoc

240 626 366 679 κατὰ
404 625 568 697 φύσιν
594 625 693 694 τῆς
723 622 904 692 ψυχῆς
929 620 1129 689 ἀγαθά.

302 805 408 862 πς’.
448 797 508 851 ’0
548 795 649 866 τὴν
709 796 895 848 εἰκόνα
942 793 1180 862 φορέσας
1222 790 1314 844 τοῦ
1349 789 1691 859 ἐπουρανίου,
1721 786 1798 857 τῷ

238 885 491 954 πνεύματι
536 884 626 938 διὰ
682 883 901 937 πάντων
937 880 1172 935 ἕπεσθαι
1226 880 1445 933 σπεύδει
1489 879 1588 948 τῆς
1641 878 1797 946 ἁγίας

238 976 459 1046 Γραφῆς,
492 979 549 1028 ὲν
574 969 618 1043 ᾧ
647 976 713 1029 δι’
742 974 944 1045 ἀρετῆς
978 974 1072 1027 καὶ
1115 972 1395 1041 γνώσεως,
1426 974 1460 1042 ἡ
1493 973 1588 1042 τῆς
1621 970 1798 1039 ψυχῆς

234 1070 454 1139 ὑπάρχει
488 1070 837 1139 συντήρησις·
858 1069 887 1119 ὁ
923 1067 981 1120 δὲ
1003 1067 1100 1137 τὴν
1134 1066 1315 1117 εἰκόνα
1347 1065 1527 1133 φορῶν
1550 1062 1642 1116 τοῦ
1683 1067 1797 1131 χοῖ-

233 1160 342 1221 κού,
376 1158 435 1210 τὸ
481 1159 719 1227 γράμμα
777 1157 936 1227 μόνον
996 1156 1268 1227 περιέπει·
1311 1156 1368 1207 ὲν
1406 1146 1451 1220 ᾧ
1489 1155 1522 1223 ἡ
1571 1153 1691 1205 κατ’
1716 1152 1796 1203 αῖ·

229 1249 411 1320 σθησιν
452 1251 585 1319 πρὸς
620 1249 780 1317 σῶμα
821 1248 1047 1317 λατρεία
1101 1247 1402 1316 συνέστηκε
1430 1245 1497 1299 τὰ
1526 1244 1676 1313 πάθη
1704 1244 1797 1312 δη-

231 1340 580 1408 μιουργοῦσα.

298 1429 397 1492 πξ.
435 1429 647 1498 Κράτος
691 1426 828 1480 Θεοῦ
871 1427 1232 1496 καθέστηκεν,
1265 1429 1297 1496 ἡ
1331 1424 1651 1497 ἀναιρετικὴ
1688 1422 1796 1475 τῶν

226 1518 407 1570 παθῶν
440 1518 632 1587 ἁρετὴ,
664 1517 759 1569 καὶ
802 1516 912 1569 τῶν
968 1516 1208 1569 εὐσεϐῶν
1259 1516 1599 1587 φρουρητικὴ
1644 1515 1795 1581 λογι-

229 1608 395 1677 σμῶν,
425 1608 490 1675 ἥν
516 1608 679 1676 γεννᾷ
710 1607 909 1676 πρᾶξις
938 1606 1189 1672 ἐντολῶν,
1240 1607 1304 1659 δι’
1332 1602 1399 1677 ἧς
1433 1605 1530 1668 τὰς
1555 1607 1795 1659 ἀντικει-

227 1698 389 1768 μένας
416 1696 493 1767 τῷ
520 1698 712 1768 ἀγαθῷ
745 1699 986 1768 πονηρὰς
1010 1698 1291 1767 δυνάμεις,
1327 1695 1616 1767 συνεργείᾳ
1639 1694 1793 1748 Θεοῦο

229 1789 421 1858 μᾶλλον
452 1788 509 1842 δὲ
557 1790 696 1862 μόνῃ
728 1790 954 1858 δυνάμει
991 1787 1151 1852 Θεοῦ,
1182 1788 1593 1858 διαφθείρομεν.
1619 1786 1794 1854 ’Ὕψος

1899 609 2209 681 praestanda
2243 614 2584 676 exspectant,
2616 608 2747 662 dum
2790 624 2912 677 qua:
2956 609 3069 664 sint
3103 609 3273 663 animi
3311 619 3475 664 natu-

1899 700 2036 754 ralia
2070 701 2213 754 bona
2251 701 2528 770 ignorant.

1969 793 2057 848 86.
2091 792 2195 858 Qui
2224 793 2464 847 cmlestis
2494 801 2679 862 portat
2710 792 3021 863 imaginem,
3061 808 3280 848 omnem
3315 792 3477 848 adbi-

1900 882 1992 936 bet
2023 896 2238 944 curam,
2271 889 2333 934 ut
2374 882 2429 935 in
2467 882 2727 935 omnibus
2770 881 3071 951 Scriptura:
3106 898 3276 936 sacra:
3308 880 3476 951 spiri-

1902 981 2014 1026 tum
2049 984 2313 1041 sequatur
2338 974 2414 1037 "‘;
2445 972 2498 1025 in
2526 988 2659 1041 quo,
2686 972 2893 1026 virtute
2918 974 3117 1027 comite
3143 982 3199 1028 et
3222 972 3471 1030 scientia.

1898 1065 2066 1120 animi
2116 1065 2464 1119 incolumitas
2503 1072 2560 1117 et
2599 1067 2748 1119 salus
2788 1066 2967 1134 posita
3002 1074 3087 1119 est
3117 1083 3131 1118 :
3160 1066 3254 1134 qui
3293 1076 3475 1118 autem

1902 1162 2089 1225 portat
2119 1155 2411 1223 imaginem
2450 1154 2750 1217 terrestris,
2778 1154 3019 1208 litteram
3049 1154 3315 1207 duntaxat
3344 1169 3446 1207 con

1898 1252 2169 1307 sectatur;
2222 1244 2278 1296 in
2320 1257 2449 1311 qua,
2484 1244 2862 1311 propensioris
2903 1244 2958 1296 in
3006 1256 3209 1310 corpus
3255 1256 3473 1307 sensus,

1896 1334 2157 1388 vitiorum
2191 1349 2390 1402 parens
2421 1348 2485 1385 ac
2513 1333 2827 1395 libidinum,
2854 1332 3123 1385 consistit.

1968 1426 2055 1478 87.
2099 1425 2194 1478 Dei
2248 1433 2528 1492 potestas,
2579 1424 2759 1476 virtus
2811 1433 2895 1477 est
2949 1422 3084 1475 vitia
3135 1422 3475 1491 all‘eetusque

1899 1514 2252 1575 interimens,
2302 1513 2529 1582 piasque
2581 1513 2825 1566 rationes
2871 1510 3127 1564 muniens
3168 1526 3230 1565 ac
3282 1520 3472 1576 tuens;

1898 1605 2131 1659 actionis
2186 1606 2374 1673 proles
2422 1620 2530 1673 qua
2590 1604 2847 1659 mandata
2915 1602 3303 1672 exsequimur;
3369 1618 3475 1672 qua

1896 1713 2118 1766 nempe,
2162 1696 2310 1750 bono
2351 1695 2658 1749 contrarias
2691 1696 3059 1764 aequissimas
3090 1697 3348 1757 virtutes,
3379 1695 3474 1749 Dei

1896 1788 2102 1843 auxilio
2146 1787 2301 1857 (quin
2342 1787 2463 1856 ejus
2503 1802 2611 1840 una
2652 1787 2919 1856 potentia)
2965 1787 3341 1858 proﬂigamus.
3378 1787 3475 1841 Dei

222 1878 281 1931 δὲ
308 1879 436 1931 θεοῦ
476 1881 625 1932 ἐστιν
669 1882 701 1948 ἡ
732 1878 934 1947 γνῶσις
962 1879 1060 1946 τῆς
1096 1877 1375 1947 ἀληθείας,
1402 1877 1469 1946 ἣν
1507 1875 1672 1945 γεννᾷ
1699 1875 1798 1943 τῆς

1900 1888 2086 1935 autem
2132 1878 2424 1943 celsitudo,
2459 1878 2713 1933 veritatis
2762 1880 2994 1933 scientia
3026 1888 3132 1943 est,
3165 1896 3329 1950 quam
3372 1880 3473 1934 im-

222 1969 328 2023 τῶν
356 1970 664 2038 γεγονότων
691 1969 923 2041 θεωρίας
952 1969 980 2022 ὀ
1021 1967 1210 2033 πόνος,
1252 1969 1345 2020 καὶ
1368 1968 1419 2020 οι
1446 1968 1540 2025 ἐπὶ
1564 1968 1630 2036 τῇ
1654 1966 1794 2035 πρά-

223 2060 301 2125 ξει
347 2060 453 2113 τῶν
497 2060 709 2131 ἀρετῶν
761 2060 987 2131 ἱδρῶτες
1021 2061 1184 2113 πόνου
1225 2059 1460 2127 πατέρες
1496 2056 1791 2125 γινόμενοι·

221 2150 287 2202 δι’
318 2145 380 2221 ἧς
413 2149 510 2220 τὴν
538 2150 924 2219 ἀντικειμένην
955 2152 1022 2220 τῇ
1053 2146 1288 2220 ἀληθεία
1316 2146 1412 2199 τοῦ
1443 2146 1672 2215 ψεύδους
1702 2144 1794 2199 δύ-

220 2259 401 2311 ναμιν,
434 2240 715 2305 παντελῶς
735 2240 1157 2310 ὲξαφανίζομσν,
1178 2241 1284 2292 πᾶν
1302 2237 1500 2310 ὕψωμα
1519 2239 1627 2291 τῶν
1647 2239 1794 2291 ὲπαι-

225 2330 460 2400 ρομένων
492 2331 634 2385 κατὰ
667 2332 766 2402 τῆς
788 2332 1041 2400 γνώσεως
1063 2330 1159 2386 τοῦ
1182 2326 1319 2383 Θεοῦ
1349 2326 1601 2401 πονηρῶν
1629 2346 1794 2382 πνευ-

224 2424 406 2491 μάτων
433 2420 818 2487 ταπεινοῦντες
880 2421 975 2477 καὶ
1040 2421 1495 2490 καταϐάλλοντες.
1546 2421 1653 2477 Καὶ
1687 2422 1796 2490 γὰρ

220 2514 408 2584 ὥσπερ
436 2517 467 2584 ἡ
506 2515 705 2584 πρᾶξις
748 2516 913 2585 γεννᾷ
944 2515 1041 2587 τὴν
1069 2514 1294 2586 ἀρετὴν,
1325 2514 1500 2576 οὕτως
1537 2516 1566 2583 ἠ
1595 2513 1796 2583 θεωρία

219 2606 319 2675 τὴν
347 2607 565 2673 γνῶσιν.

290 2706 400 2770 πην.
463 2701 526 2752 Ἠ
567 2698 801 2770 ἄληστος
852 2699 1078 2767 γνῶσις,
1129 2697 1382 2770 ἀόριστον
1424 2695 1620 2767 ἔχουσα
1667 2697 1796 2766 περὶ

216 2792 320 2860 τὴν
360 2790 508 2844 θείαν
554 2790 811 2861 ἀπειρίαν
852 2790 951 2858 τὴν
990 2789 1136 2842 κατὰ
1166 2788 1293 2841 νοῦν
1324 2789 1465 2858 ὑπὲρ
1500 2789 1684 2858 νόησιν
1712 2789 1795 2839 κί-

218 2898 393 2950 νησιν,
425 2880 678 2945 εἰκονίζει
701 2881 790 2934 διὰ
816 2882 916 2951 τῆς
949 2882 1229 2951 ἀοριστίας
1260 2882 1331 2951 (ο)
1359 2882 1455 2952 τὴν
1495 2884 1595 2936 ὑπε
1609 2884 1795 2951 pinu.-

219 2990 315 3044 ρον
344 2974 500 3040 δόξαν
522 2974 622 3044 τῆς
644 2974 921 3044 ἀληθείας·
953 2975 985 3044 ἡ
1018 2974 1072 3027 δὲ
1103 2976 1201 3045 τῆς
1243 2974 1387 3027 κατὰ
1413 2975 1512 3042 τὴν
1541 2974 1799 3044 πρόνοιαν

220 3066 390 3135 σοφῆς
428 3065 763 3135 ἀγαθότητος
794 3065 1117 3137 αὐθαίρετος
1166 3066 1419 3135 μίμησις,
1448 3066 1612 3135 τιμὴν
1647 3066 1798 3133 φέρει

218 3156 318 3226 τὴν
346 3157 485 3226 πρὸς
514 3157 604 3209 τὸν
636 3156 771 3210 Θεὸν
796 3156 893 3210 τοῦ
923 3156 1014 3209 νοῦ
1048 3157 1191 3210 κατά
1218 3157 1317 3228 τὴν
1346 3155 1584 3210 διάθεσιν
1613 3156 1797 3226 ἀρίδη-

216 3246 329 3312 λον,
359 3248 433 3309 ὡς
468 3246 583 3301 ἐστι
611 3247 858 3311 δυνατὸν,
895 3247 1235 3316 ἐξομοίωσιν.

1900 1986 2105 2041 pensus
2151 1971 2307 2025 labor
2351 1970 2704 2040 speculandis
2743 1971 2911 2025 rebus
2950 1973 3153 2025 creatis
3186 1971 3353 2040 parit,
3380 1985 3477 2025 su-

1899 2063 2174 2132 doresque
2235 2061 2528 2130 iungendis
2575 2060 2909 2125 virtutibus,
2960 2061 3053 2131 qui
3112 2062 3216 2130 ipsi
3268 2061 3477 2114 laboris

1897 2162 2155 2225 parentes
2184 2152 2313 2206 sint.
2350 2151 2463 2205 Hac
2501 2152 2753 2214 scientia,
2799 2152 2908 2205 vim
2940 2168 3161 2207 onmem
3204 2152 3476 2206 mendacii

1897 2239 2122 2296 veritati
2152 2239 2533 2294 adversantem
2561 2240 2789 2292 omnino
2817 2240 3123 2305 abolemus,
3155 2242 3250 2310 qui
3276 2255 3475 2309 nempe

1897 2349 2116 2389 omnem
2165 2334 2529 2403 malignorum
2587 2332 2881 2401 spirituum
2932 2333 3333 2387 sublimitatem
3378 2349 3474 2387 ex-

1900 2428 2182 2482 tollentem
2226 2441 2283 2480 se
2326 2426 2592 2479 adversus
2645 2426 2932 2479 scientiam
2974 2427 3068 2481 Dei
3096 2428 3161 2489 ⁷⁷,
3203 2425 3478 2495 deprima-
3526 2493 3532 2501 ε

1898 2534 2021 2572 mus
2068 2534 2132 2572 ac
2176 2517 2545 2571 destruamus.
2583 2517 2671 2571 Uti
2712 2519 2859 2570 enim
2896 2519 3042 2571 actio
3078 2518 3364 2582 virtutem,
3399 2520 3478 2570 sic

1895 2619 1953 2665 et
1979 2609 2285 2679 speeulatio
2313 2608 2599 2661 scientiam
2632 2608 2793 2676 parit.

1968 2701 2054 2755 88.
2107 2699 2281 2766 Quam
2338 2699 2486 2752 nulla
2544 2699 2865 2754 inobseuret
2914 2700 3151 2765 oblivio,
3210 2700 3475 2762 scientia,

1898 2791 2067 2846 nullis
2096 2792 2301 2846 ﬁnibus
2329 2794 2794 2862 comprehensum
2826 2792 2972 2846 circa
3010 2793 3255 2846 divinam
3288 2793 3475 2847 inﬁni-

1901 2894 2087 2946 tatem,
2122 2884 2322 2937 mentis
2356 2899 2577 2937 onmem
2623 2885 2921 2953 cogitatum
2962 2894 3317 2954 superantem
3358 2902 3478 2940 mo-

1901 2986 2016 3030 tum
2052 2977 2300 3040 habens;
2333 2977 2501 3029 nullis
2551 2976 2755 3031 ﬁnibus
2792 2978 3190 3045 comprehensa
3231 2977 3321 3031 illa
3366 2993 3480 3031 am-

1901 3066 2169 3136 plitudine
2190 3108 2203 3129 ,
2240 3067 2387 3119 oumi
2421 3069 2681 3137 majorem
2712 3067 2926 3121 inﬁnito
2967 3068 3216 3123 veritatis
3247 3068 3479 3137 gloriam

1903 3155 2163 3225 exprimit
2198 3173 2211 3207 :
2245 3156 2512 3225 sapientis
2550 3173 2684 3211 vero
2725 3174 2793 3212 ex
2843 3158 3208 3213 Providentia:
3254 3158 3481 3212 rationi-

1829 3233 1869 3286 ί)
1904 3247 2009 3301 bus
2054 3247 2319 3301 bonitatis
2364 3256 2562 3317 sponte
2613 3259 2892 3318 assumpta
2934 3249 3201 3311 imitatio,
3252 3250 3481 3303 honoris

216 3341 536 3409 praestantia
582 3340 788 3394 claram
832 3340 1128 3395 admodum
1171 3355 1298 3395 cum
1372 3340 1485 3395 Deo
1561 3340 1763 3395 mentis
1825 3340 2049 3404 affectu,
2075 3341 2252 3408 quoad
2293 3341 2504 3395 homini
2541 3357 2863 3398 concessum
2894 3354 3001 3409 est,
3062 3343 3480 3399 similitudinem

218 3432 427 3487 reddit.

288 3526 401 3580 πθ’.
440 3526 506 3580 Ἡ
534 3525 757 3596 γλῶσσα
807 3526 904 3596 τῆς
938 3525 1082 3579 κατά
1109 3525 1286 3596 ψυχὴν
1313 3526 1619 3596 γνωστικῆς
1650 3526 1797 3593 ἐνερ-

212 3616 375 3687 γείας
402 3615 519 3670 ἐστὶ
546 3614 839 3686 σύμϐολονο
873 3617 901 3666 ὁ
919 3615 977 3669 δὲ
1000 3614 1228 3686 λάρυγξ,
1266 3617 1363 3686 τῆς
1393 3616 1528 3686 πρὸς
1555 3617 1615 3669 τὸ
1639 3616 1797 3683 σῶμα

214 3706 455 3775 φυσικῆς
479 3705 764 3774 φιλαυτίας
785 3707 1103 3777 τεκμήριον.
1138 3706 1197 3760 'U
1222 3706 1349 3772 γοῦν
1378 3706 1552 3761 ταῦτα
1581 3706 1796 3778 ψεκτῶς

213 3795 493 3866 κολλήσας
518 3796 790 3866 ἀλλήλοις,
841 3797 1146 3867 μνησθῆναι
1177 3797 1276 3866 τῆς
1308 3798 1424 3850 κατ’
1466 3798 1667 3867 ἀρετὴν
1703 3802 1797 3849 καὶ

211 3886 427 3956 γνῶσιν
460 3888 745 3957 εἰρηνικῆς
772 3889 935 3954 ἕξεως
964 3889 1024 3941 οὐ
1050 3888 1296 3953 δύναται,
1324 3891 1391 3958 τῇ
1422 3887 1680 3958 συγχύσει
1710 3888 1798 3940 διὰ

215 3978 465 4046 σπουδῆς
495 3977 606 4031 τῶν
646 3979 975 4047 σωματικῶν
1003 3979 1265 4048 ἡδόμενος
1306 3978 1516 4032 παθῶν.

292 4157 367 4223 LI.
413 4157 477 4209 Αἱ
513 4156 654 4209 κατά
697 4156 858 4224 φύσιν
921 4155 1129 4225 ὀρέξεις
1178 4156 1270 4208 καὶ
1336 4156 1541 4225 ἡδοναὶ,
1593 4154 1669 4226 μὴ
1706 4157 1800 4223 φέ..

215 4266 420 4319 ρουσαι
456 4252 471 4268 ⁵
501 4249 613 4309 τοῖς
665 4246 1022 4315 κεκτημένοις
1056 4246 1331 4315 διαϐολὴν,
1389 4247 1463 4310 ὡς
1506 4247 1803 4314 ἀναγκαῖον

212 4336 697 4407 παρακολούθημα
757 4340 852 4404 τῆς
912 4338 1145 4405 φυσικῆς
1183 4336 1415 4406 ὀρέξεως
1460 4334 1793 4405 καθεστήκαο

213 4446 331 4482 σιν.
381 4428 605 4497 Ἡδονὴν
630 4428 738 4497 γὰρ
781 4428 923 4481 κατὰ
948 4426 1112 4496 φύσιν
1139 4428 1282 4479 ποιεῖ
1309 4429 1400 4479 καὶ
1433 4427 1507 4496 μὴ
1539 4427 1798 4497 βουλομέ-

1969 3520 2057 3574 89.
2096 3518 2304 3589 Lingua
2367 3520 2634 3589 sapientis
2675 3521 2845 3575 animi
2888 3520 3226 3591 operationis
3263 3524 3484 3593 symbo-

1903 3612 2014 3665 lum
2050 3620 2136 3665 est
2178 3629 2191 3664 :
2235 3620 2425 3681 guttur
2464 3627 2614 3673 vero.
2660 3612 2929 3667 naturalis
2965 3628 3090 3683 erga
3125 3628 3327 3682 corpus
3355 3630 3482 3684 pro-

1902 3702 2150 3756 clivioris
2198 3697 2401 3756 amori's
2447 3703 2806 3771 libidinisque
2856 3702 3146 3757 indicium.
3194 3703 3298 3769 Qui
3348 3721 3482 3775 ergo

1903 3793 2020 3847 lia'c
2058 3794 2201 3847 inter
2231 3810 2289 3847 se
2322 3795 2595 3862 vituperio
2623 3795 2920 3864 copulavit,
2948 3795 3174 3850 virtutis
3201 3811 3265 3850 ac
3294 3797 3478 3851 scien-

1907 3887 1995 3939 tize
2046 3885 2324 3954 tranquilli
2371 3885 2592 3941 habitus
2636 3886 2955 3940 meminisse
2996 3901 3107 3941 non
3151 3896 3353 3957 potest,
3385 3889 3480 3957 qui

1911 3978 2276 4045 corporalium
2332 3978 2633 4030 aﬂectuum
2682 3992 2747 4031 ac
2807 3977 3101 4031 libidinum
3156 3978 3481 4034 confusione

1905 4070 2233 4138 propensius
2262 4068 2590 4122 delectetur.

1975 4158 2063 4212 9t).
2109 4156 2242 4223 Qua:
2295 4158 2574 4212 naturales
2626 4157 2995 4226 appetitiones
3039 4168 3168 4214 sunt
3210 4158 3369 4229 555
3419 4175 3482 4215 ac

1907 4251 2239 4318 voluptates,
2271 4249 2478 4302 nullam
2509 4249 2757 4303 criminis
2797 4248 2977 4302 labem
3010 4248 3121 4303 illis
3158 4250 3478 4310 inferentes.

1906 4344 2000 4412 qui
2035 4356 2129 4396 eas
2160 4341 2393 4407 habent;
2430 4342 2585 4395 velut
2611 4342 2987 4396 necessarium
3019 4342 3294 4411 quoddam
3322 4354 3482 4399 natu-

1908 4430 2037 4484 ralis
2080 4430 2359 4498 appetitus
2420 4430 2771 4483 corollarium
2838 4441 2986 4485 sunt.
3039 4432 3243 4486 Natura
3295 4434 3481 4496 enim,

210 4537 330 4572 νων
353 4518 535 4587 ἡμῶν,
578 4518 673 4570 καὶ
722 4520 754 4588 ἡ
803 4519 1038 4587 τυχοῦσα
1071 4517 1266 4587 τροφὴ,
1304 4515 1676 4588 προλαϐοῦσαν
1716 4518 1771 4568 ἐν

1908 4524 2141 4575 velimus
2186 4522 2454 4586 nolimus,
2502 4522 2742 4591 vulgaris
2786 4523 2903 4591 ipse
2952 4523 3240 4593 primoque
3286 4525 3485 4579 obvius

209 4613 377 4664 δειαν
421 4609 928 4680 παραμυθουμένη’
986 4610 1079 4663 καὶ
1132 4610 1323 4673 πόσις,
1386 4608 1800 4679 ἀποκρουομένη

208 4702 318 4756 τοῦ
350 4702 540 4771 δίψους
566 4702 663 4773 τὴν
698 4701 941 4772 ὄχλησινο
976 4703 1071 4754 καὶ
1093 4701 1279 4763 ὕπνος,
1301 4703 1401 4773 τὴν
1425 4702 1490 4754 ἐκ
1523 4703 1620 4771 τῆς
1642 4705 1802 4771 ἐγρηο

207 4792 479 4860 γὸρσεως
536 4791 938 4862 δαπανηθεῐσαν
989 4792 1381 4862 ἀνανεούμενος
1422 4791 1668 4860 δύναμιν-
1710 4795 1802 4844 καί

290 4946 345 4980 ’⁸
384 4946 430 5001 ll
452 4946 576 5002 Cor.
614 4964 669 5012 χ,
701 4948 754 5002 5.
831 4947 875 4979 "
908 4947 1043 5003 ibid.

1909 4616 2087 4671 cibus.
2121 4614 2361 4682 priorem
2401 4613 2757 4681 indigentiam
2792 4614 2976 4668 solans
3006 4622 3170 4683 atque
3204 4630 3483 4678 recreans,

1909 4706 2332 4761 delectationem
2388 4706 2547 4769 facit;
2602 4712 2764 4773 polus
2813 4706 2979 4770 item,
3032 4705 3314 4775 depellens
3366 4708 3487 4762 sitis

1910 4796 2255 4860 molestiam;
2289 4810 2503 4849 necnon
2529 4810 2755 4850 somnus
2782 4796 3081 4852 exhaustas
3109 4795 3312 4867 vigiliis
3336 4797 3487 4852 vires

297 5105 320 5126 ⁹
345 5103 438 5160 Cl‘.
471 5104 539 5159 ad
572 5105 821 5160 Thalass.
855 5120 908 5175 q.
936 5105 1025 5169 65,
1054 5112 1109 5159 et
1139 5104 1227 5169 51,
1259 5105 1347 5170 56,
1378 5113 1434 5159 et
1454 5104 1523 5159 50
1551 5104 1616 5159 ad
1650 5122 1705 5159 n.
1726 5104 1785 5159 9i

1900 5104 2003 5161 ἰοί
2040 5106 2108 5159 95
2138 5105 2295 5159 infra.

295 5246 382 5316 (ο)
420 5246 520 5298 Διὰ
550 5243 653 5309 τῆς
677 5246 1004 5311 ἀοριστίας.
1039 5244 1328 5316 Signiﬁcat
1356 5242 1809 5316 hujusscientize,

210 5313 409 5386 quam
448 5316 680 5385 ἄληστον
707 5323 898 5386 vocat.
923 5316 1079 5382 quasi
1107 5313 1289 5369 animo
1315 5313 1644 5386 indelebilem
1669 5329 1813 5386 sem-

214 5382 455 5456 perque
483 5382 548 5439 in
568 5385 973 5456 eo_vigentem;
1004 5385 1324 5438 immensam
1349 5382 1641 5456 quamdam
1677 5383 1811 5446 vim,

212 5453 341 5526 qua
385 5456 603 5509 animus
630 5453 865 5508 divinam
892 5455 1216 5526 inﬁnitatem
1235 5453 1470 5526 quadam
1502 5454 1653 5506 velut
1687 5469 1814 5522 pro-

213 5524 497 5607 portione
528 5526 776 5605 attingat,
799 5524 1302 5607 ejusque-veritatis
1336 5524 1565 5603 gloriam
1605 5537 1676 5607 ac_
1702 5538 1816 5576 ma-

207 5592 688 5667 jes_tatcm__mnni
733 5592 992 5664 majorem
1029 5594 1273 5667 inﬁnito,
1312 5592 1486 5667 quasi
1519 5592 1810 5667 simulacro

211 5663 467 5719 referat.
502 5665 635 5718 Nam
672 5674 726 5718 et
756 5663 1113 5735 τὸαὸριστον,
1140 5663 1370 5735 Maximo
1398 5663 1629 5735 aliisque
1656 5664 1810 5735 theo-

209 5736 404 5792 logis.
437 5735 577 5788 inter
609 5735 793 5787 divina
823 5732 1041 5787 nomina
1070 5745 1172 5794 est,
1200 5733 1250 5786 id
1280 5734 1456 5801 ipsum
1484 5733 1627 5800 quod
1658 5732 1806 5785 Lati.-

214 5803 319 5857 nis
354 5804 705 5857 immunitas.
729 5804 852 5857 llaec
875 5814 982 5858 tam
1018 5814 1267 5873 augusta,
1296 5804 1419 5871 quis
1443 5818 1505 5855 ex
1543 5803 1669 5857 Pico
1709 5818 1807 5855 au—

1911 5244 2024 5316 diat
2050 5262 2062 5297 :
2090 5243 2170 5297 Ea:
2191 5241 2673 5316 illiaincertitudine’
2701 5243 3130 5316 superfit/initam
3158 5245 3464 5316 efﬁngitopi

1913 5314 2122 5368 nionem
2153 5314 2392 5367 veritatis
2417 5314 2442 5366 ἓν
2484 5313 2625 5379 Quid
2664 5313 2774 5368 hic'
2798 5314 3158 5377 incertitudo,
3188 5313 3302 5369 ubi
3343 5313 3490 5370 Deus

1913 5383 2383 5454 altissimoimodo
2415 5384 2735 5453 attingitur?
2768 5383 2907 5438 Num
2939 5384 3086 5453 quod
3131 5385 3276 5447 δόξα.
3312 5402 3488 5454 eaque

1913 5453 2361 5508 incertitudinem
2396 5455 2685 5522 exposcit?
2715 5454 2783 5508 At
2809 5471 2918 5508 non
2967 5456 3082 5509 ham
3108 5453 3487 5524 philosophica

1913 5525 2060 5588 δόξα,
2095 5525 2313 5592 opinio;
2352 5533 2553 5577 nutans
2591 5524 2806 5577 scilicet
2846 5525 3013 5578 animi
3060 5540 3348 5584 assensus.
3400 5531 3487 5581 cui

1915 5593 2109 5665 falsum
2153 5602 2328 5665 potest
2378 5594 2626 5665 subesse,
2676 5609 2779 5648 nec
2828 5609 2951 5648 raro
2978 5595 3205 5665 subest;
3248 5596 3344 5649 sed
3372 5596 3484 5665 ipsa

1914 5663 2222 5717 animorum
2263 5664 2408 5735 circa
2452 5664 2618 5735 Deum
2659 5665 3004 5735 ἀεικινησίας
3058 5664 3110 5716 in
3157 5664 3334 5722 beatis
3378 5663 3487 5735 jam

1912 5743 2315 5794 consummata;
2349 5733 2436 5786 hic
2474 5733 2527 5786 in
2549 5733 2778 5787 summis
2806 5734 3187 5803 θεωρητικοίς,
3225 5733 3482 5813 quasi]...

1912 5813 2105 5873 caspia,
