4192 6436
279 513 424 579 λεια,
453 514 540 572 διά
573 519 667 588 τῆς
717 522 823 576 τῶν
858 525 1158 601 ’Δσσυρίων
1191 537 1504 608 τυπουμένη

277 609 373 660 τὸν
401 610 537 662 κατᾶ
567 612 662 680 τῆς
690 615 886 686 ἀρετῆς
918 620 1008 671 καὶ
1038 624 1134 692 τῆς
1164 627 1417 692 γνώσεως
1446 632 1844 702 συναγείρουσκ

274 697 536 769 πὸλεμον,
567 701 654 756 διὰ
684 705 791 758 τῶν
815 709 987 778 αὐτῆς
1016 714 1270 782 ἐμφύτων
1298 717 1582 788 δυνάμεων
1612 726 1845 793 τροποῦ-

276 791 402 844 σθαι
436 797 742 864 μηχανᾶται
773 799 868 870 τὴν
883 801 1060 873 ψυχήν
1080 820 1092 831 ⁸
1129 805 1225 876 τὴν
1253 809 1350 876 μὲν
1376 811 1671 882 ἐπιθυμίαν
1697 818 1846 884 πρῶ-

271 899 386 944 τον,
428 887 507 948 εἰς
529 887 707 956 ὄρεξιν
729 891 834 943 τῶν
869 895 1018 964 παρά
1049 896 1206 963 φύσιν
1229 899 1617 970 διερεθίζουσα,
1652 908 1748 959 καὶ
1775 912 1843 961 τά

273 974 510 1043 αἰσθητὰ
547 976 654 1030 τῶν
685 980 891 1050 νοητῶν
925 987 1202 1055 προτιμᾷν
1225 989 1594 1045 ἀναπείθουσα
1617 1010 1628 1023 ·
1665 995 1755 1048 τὸν
1786 996 1842 1048 δέ

274 1064 467 1134 θυμὸν,
519 1067 1025 1140 ὑπεραγωνίζεσθαι
1081 1075 1171 1127 τοῦ
1225 1079 1535 1147 αἱρεθέντος
1590 1084 1696 1136 ὑπὸ
1746 1088 1843 1156 τῆς

271 1156 569 1228 ἐπιθυμίας
635 1162 892 1230 αἰσθητοῦ
947 1164 1326 1237 διεγείρουσα’
1391 1171 1451 1223 τὸ
1495 1174 1550 1225 δὲ
1597 1175 1836 1243 λογικὸν,

267 1246 398 1308 τοὺς
423 1248 657 1317 τρόπους
712 1253 947 1305 ἐπινοεῖν
1002 1255 1110 1326 τῶν
1162 1262 1281 1310 κατ’
1335 1261 1590 1328 αἴσθησιν
1640 1269 1839 1338 ἡδονῶν

269 1336 586 1392 ἐκδιδάσκου
595 1357 679 1394 σα.

340 1532 464 1597 ις’.
517 1533 628 1598 Τῆς
660 1536 835 1607 ἄκρας
873 1541 1206 1613 ἀγαθότητος
1244 1546 1396 1613 ἴδιον,
1428 1532 1512 1613 τὸ,
1554 1553 1628 1622 μὴ
1678 1555 1836 1622 μόνον

263 1621 366 1684 τάς
397 1624 546 1687 θείας
573 1626 667 1679 καὶ
692 1629 1019 1698 ἀσωμάτους
1066 1635 1174 1687 τῶν
1220 1640 1426 1708 νοητῶν
1477 1642 1684 1707 οὐσίας,
1737 1647 1835 1716 τῆς

261 1715 582 1786 ἀπορρήτου
653 1721 745 1774 καὶ
801 1723 948 1787 Θείας
994 1727 1430 1800 ἀπεικονίσματα
1490 1737 1833 1807 καταστῆσαι

259 1805 440 1874 δόξης,
469 1810 598 1878 ὃλην
631 1812 770 1865 κατὰ
801 1816 858 1866 τὸ
890 1814 1108 1886 θεμιτὸν
1131 1821 1409 1889 ἀναλόγως
1442 1824 1632 1888 αὑταῖς
1658 1805 1827 1881 εἰσδε-

261 1898 501 1965 χομένας
529 1901 624 1970 τὴν
652 1903 1008 1976 ἀπερινόητον
1041 1909 1350 1981 ὡραιότητα
1395 1914 1488 1966 τοῦ
1533 1917 1826 1987 ἀπροσίτου

261 1990 522 2055 κάλλους·
557 1993 691 2048 ἀλλὰ
724 1997 815 2049 καὶ
845 2001 955 2060 τοῖς
993 2001 1291 2071 αἰσθητοῖς,
1343 2007 1436 2058 καὶ
1469 2007 1578 2060 τῶν
1622 2010 1827 2079 νοητῶν

253 2080 457 2135 οὐσιῶν
485 2085 621 2138 κατὰ
661 2088 794 2138 πολὺ
831 2089 1172 2156 ἀποδέουσιν,
1206 2096 1546 2167 ἀπηχήματα
1595 2100 1694 2170 τῆς
1752 2103 1828 2154 οι-

256 2171 412 2235 κείας
439 2175 802 2245 ἐγκαταμίξαι
837 2181 1276 2253 μεγαλειότητος,
1311 2188 1582 2258 δυνάμενα
1609 2190 1698 2243 τὸν
1731 2192 1823 2245 ἀν-

254 2260 526 2327 θρώπινον
560 2266 683 2320 νοῦν
710 2269 904 2338 ἐποχού
914 2290 1073 2340 μενον
1100 2275 1302 2340 αὐτοῖς,
1333 2278 1465 2347 πρὸς
1493 2279 1625 2332 Θεὸν
1651 2282 1822 2334 ἀπλα-

252 2351 362 2415 νῶς
414 2355 852 2429 διαπορθμεύειν,
907 2364 1162 2434 ὑπεράνω
1212 2367 1428 2422 πάντων
1477 2372 1584 2422 τῶν
1615 2371 1822 2441 ὁρωμέ-

252 2458 362 2494 νων
387 2445 690 2516 γινόμενον,
722 2443 810 2503 οἷα
838 2453 936 2520 τῆς
965 2452 1140 2522 ἄκρας
1170 2455 1434 2509 ἐπιϐάντα
1485 2462 1821 2529 μακαριότη-

251 2548 363 2596 τος.
1015 2532 1021 2538 ’

321 2726 426 2792 ιιςν.
459 2727 574 2791 Πᾶς
623 2729 750 2792 νοῦς
777 2732 946 2803 ἀρετῇ
984 2734 1076 2786 καὶ
1123 2734 1324 2802 γνώσει
1355 2741 1816 2814 κατεστεμμένος,

243 2811 338 2870 οἷα
369 2818 432 2887 δὴ
464 2819 604 2872 κατὰ
650 2819 743 2873 τὸν
793 2823 964 2891 μέγαν
992 2825 1241 2890 Ἐζεκίαν
1283 2829 1587 2899 βασιλεύειν
1638 2836 1818 2907 λαχὼν

245 2909 349 2977 τῆς
385 2907 771 2982 Ἰερουσαλήμ·
810 2917 1073 2984 τουτέστι,
1102 2920 1201 2989 τῆς
1231 2923 1453 2992 εἰρήνην
1491 2927 1658 2996 μόνην
1686 2930 1818 3000 ὁρώ-

248 3018 348 3070 σης
375 3001 559 3067 ἕξεως,
599 3005 768 3074 ἤγουν
795 3011 893 3078 τῆς
937 3012 1202 3066 παντοίων
1227 3016 1414 3069 παθῶν
1446 3021 1815 3094 ἐστερημένης

247 3088 662 3154 καταστάσεως·
699 3091 906 3160 ὅρασις
934 3098 1041 3166 γὰρ
1071 3100 1312 3170 εἰρήνης
1339 3088 1692 3179 Ίερουσαλῆμ
1721 3088 1813 3182 ἐρ-

246 3179 544 3248 μηνεύεται
570 3199 582 3212 ·
623 3185 804 3238 πᾶσαν
845 3187 957 3258 ἔχει
988 3190 1084 3261 τὴν
1120 3195 1297 3246 κτίσιν
1330 3197 1640 3270 ὑποχείριον
1661 3219 1674 3232 ο
1721 3203 1809 3256 διὰ
1837 3215 1882 3276 (ς
1913 3219 1997 3273 "is

240 3269 352 3322 τῶν
388 3273 554 3345 αὐτὴν
606 3279 1070 3349 συμπληρούντων
1119 3287 1296 3351 εἰδῶν,
1334 3290 1411 3360 τῷ
1446 3293 1546 3362 μὲν
1583 3295 1698 3365 Θεῷ
1740 3297 1807 3350 δι’

241 3361 408 3414 αὐτοῦ
440 3365 564 3428 τοὺς
591 3367 645 3419 ὲν
676 3369 814 3440 αὖτῆ
842 3380 1244 3443 πνευματικοϋς
1267 3381 1366 3449 τῆς
1386 3381 1639 3450 γνώσεως
1677 3388 1806 3441 καθ-

240 3453 385 3522 άπερ
418 3455 566 3526 δῶρα
614 3464 1092 3532 προσκομίζουσαν
1139 3469 1330 3538 λόγους
1351 3489 1364 3502 ’
1413 3475 1562 3546 αὐτῷ
1595 3477 1651 3530 δὲ
1678 3479 1806 3532 καθ-

240 3544 384 3615 άπερ
435 3548 661 3616 δόματα,
713 3552 838 3614 τοὺς
899 3556 1300 3629 ἐνυπάρχοντας
1349 3565 1482 3635 αὐτῇ
1536 3544 1682 3622 κατά
1713 3571 1806 3624 τὸν

238 3636 466 3704 φυσικδν
499 3640 663 3707 νόμον
697 3643 835 3712 πρὸς
894 3647 1095 3717 ἀρετὴν
1152 3652 1385 3722 τρόπους
1438 3659 1800 3728 παρέχουσαν,

237 3727 332 3778 καὶ
360 3726 448 3779 διὰ
472 3727 578 3780 τῶν
614 3731 938 3804 ἀμφοτέρων
977 3737 1346 3812 δεξιουμένην,
1401 3745 1491 3798 τὸν
1529 3749 1648 3801 κατ’
1698 3752 1802 3820 ἀμ·-

237 3815 442 3886 φότερα
476 3820 778 3889 κρατίστως
822 3825 1128 3895 εὐδοκιμεῖν
1149 3831 1446 3900 δυνάμενον
1467 3854 1480 3867 ·
1545 3839 1691 3907 λέγω
1722 3843 1798 3901 δἐ,

232 3907 326 3959 τὸν
356 3910 496 3962 κατά
520 3909 676 3978 λόγον
725 3915 819 3967 καὶ
851 3915 985 3984 βίον,
1019 3918 1104 3973 διὰ
1157 3924 1409 3992 πράξεώς
1446 3945 1504 3980 τε
1542 3930 1635 3982 καὶ
1665 3932 1799 3984 θεω-

233 3998 355 4067 pia;
383 3998 731 4055 τελειωθέντα
762 4005 1048 4075 φιλόσοφον
1081 4010 1222 4065 νοῦν.

302 4113 410 4179 ῑιη’.
452 4111 507 4164 ’0
533 4112 618 4166 διά
646 4116 896 4186 πράξεως
928 4120 1023 4171 καὶ
1050 4121 1285 4194 θεωρίας
1315 4127 1668 4198 κατορθώσας
1715 4134 1795 4196 εἰς

227 4201 399 4270 ἀκρον
425 4202 523 4273 τὴν
552 4205 752 4277 ἀρετὴν
781 4210 876 4262 καὶ
918 4212 1018 4280 τὴν
1061 4214 1281 4281 γνῶσιν,
1313 4219 1538 4281 εἰκότως
1568 4222 1796 4292 ὑπεραί-

226 4307 386 4362 ρεται
432 4295 669 4361 πάντων,
716 4297 828 4351 τῶν
877 4303 1157 4372 σαρκικῶν
1202 4307 1294 4359 καὶ
1350 4308 1794 4380 διαϐεϐλημένων

224 4383 418 4436 παθῶν
444 4386 699 4456 ὑπεράνω
729 4389 869 4443 κατὰ
887 4392 984 4462 τὴν
1009 4395 1206 4462 πρᾶξιν
1229 4399 1532 4468 γινόμενος,
1565 4403 1658 4455 καὶ
1687 4403 1794 4457 τῶν

225 4475 476 4543 φυσικῶν
503 4475 810 4547 λεγομένων
834 4484 1119 4552 σωμάτων,
1147 4487 1289 4556 λέγω
1317 4490 1401 4560 δὴ,
1437 4492 1544 4545 τῶν
1571 4493 1674 4546 ὑπὸ
1702 4496 1792 4563 γέ-

223 4580 374 4616 νεσιν
417 4564 585 4619 ὄντων
635 4568 728 4621 καὶ
757 4570 990 4641 φθοράν*
1048 4577 1144 4628 καὶ
1194 4577 1400 4644 ἁπλῶς,
1434 4581 1520 4635 ἵνα
1553 4584 1790 4638 συνελὼν

220 4652 383 4713 εἴπω,
447 4655 665 4710 πάντων
711 4659 820 4713 τῶν
853 4662 956 4714 ὑπὸ
1004 4666 1256 4738 αἴσθησιν
1288 4672 1465 4737 εἰδῶν,
1517 4679 1658 4734 κατὰ
1692 4681 1791 4750 τὴν

221 4743 476 4813 Θεωρίαν,
507 4748 632 4811 τοὺς
668 4751 726 4802 ἐν
776 4751 962 4816 αὐτοῖς
1009 4756 1216 4822 πάντας
1248 4766 1568 4831 γνωστικῶς
1597 4769 1788 4824 διαπε-

219 4833 398 4903 ράσας
426 4833 634 4903 λόγους,
669 4838 762 4890 τὸν
790 4841 914 4895 νοῦν
941 4844 969 4896 ὁ
999 4845 1240 4912 τοιοῦτος
1284 4853 1421 4923 πρὸς
1447 4863 1515 4909 τά
1549 4864 1785 4933 συγγενῆ

215 4925 315 4978 καὶ
343 4925 460 4978 θεῖα
485 4927 777 4997 ἀνήγαγεν.

291 5034 394 5102 ιιθκ
435 5038 494 5091 Ὀ
528 5038 625 5108 τὴν
648 5042 916 5098 ἀπάθειαν
943 5047 1195 5124 καθάπερ
1237 5054 1588 5132 Ἰερουσαλὴμ
1617 5063 1782 5122 οἰκεῖν

203 5120 306 5177 διὰ
335 5125 445 5176 τῶν
471 5126 612 5179 κατὰ
637 5128 735 5199 τὴν
782 5134 980 5201 πράξιν
1013 5139 1188 5193 πόνων
1228 5142 1428 5214 λαχὼν,
1473 5151 1566 5203 καὶ
1600 5155 1782 5226 πάσης

201 5213 317 5279 τῆς
371 5213 491 5266 καθ’
547 5216 819 5287 ἁμαρτίαν
865 5213 1626 5308 ἀπηλλαγμένοςπόχλὴσεως,

206 5301 386 5374 μόνην
410 5305 632 5376 εἰρήνην
669 5309 765 5361 καὶ
798 5313 1051 5380 πράττων
1081 5321 1174 5373 καὶ
1207 5301 1401 5386 λαλῶν,
1433 5301 1525 5382 καὶ
1563 5301 1777 5390 άκούων

201 5393 310 5450 καὶ
332 5395 677 5465 λογιζόμενος
699 5415 712 5428 ·
755 5403 893 5469 μετά
922 5407 981 5457 τὸ
1011 5407 1262 5473 δέξασθαι
1297 5415 1386 5468 διὰ
1413 5419 1511 5489 τῆς
1541 5429 1777 5499 φυσικῆς

203 5485 444 5555 θεωρίας
475 5487 574 5556 τὴν
618 5489 780 5557 φύσιν
809 5495 915 5548 τῶν
946 5498 1175 5568 ὁρατῶν,
1222 5508 1347 5571 τοὺς
1373 5512 1430 5562 ἐν
1463 5485 1598 5585 αὐτῇ
1630 5485 1773 5573 θειο-

197 5572 400 5645 τὲρους
428 5575 676 5648 καθάπερ
705 5579 852 5653 δῶρα
890 5586 968 5656 τῷ
1017 5591 1203 5663 Κυρίῳ
1228 5596 1298 5650 δι’
1329 5601 1492 5654 αὑτοῦ
1535 5572 1769 5674 προσκο-

281 5749 328 5786 "
353 5750 398 5806 Il
435 5751 609 5810 Paral.
640 5773 806 5824 nm,
837 5759 926 5816 23.

525 5848 775 5908 Ρλτιιοι.
829 5853 943 5912 Gn.
990 5855 1102 5916 XC.

949 419 1278 482 CAPITUM
1319 422 1738 496 QUINQUIES
1775 423 2289 494 CENTENORUM
2330 430 2709 502 CENTURIA
2755 445 2833 504 Ῐῐ.

3375 454 3508 524 12.58

1539 539 1811 609 βασιλείας

1909 555 2140 609 agnum,
2200 549 2350 617 regni
2418 551 2762 624 Assyriorum
2823 568 2951 629 typo
3009 561 3332 636 ﬁguratum,
3377 573 3518 629 bello

1930 633 2212 691 *adversus
2254 640 2509 696 virtutem
2580 663 2643 700 ac
2697 654 2979 706 scientiam
3023 658 3274 724 conﬂato,
3297 679 3399 731 per
3435 666 3517 720 in-

1949 733 2102 780 natas
2139 729 2333 784 animae
2359 732 2662 800 facultates,
2700 739 2839 795 hanc
2863 744 3088 805 fundere
3129 767 3190 804 ac
3231 757 3516 825 profligare.

1948 817 2188 872 molitur.
2223 819 2296 874 Ac
2319 826 2552 892 primum
2583 831 2804 898 quidem
2832 837 3182 904 cupiditatem
3227 817 3424 910 irritat,
3458 861 3518 904 ut

1944 923 2066 976 quze
2096 910 2420 970 innaturalia
2449 928 2596 985 sunt,
2621 933 2861 992 appetat,
2883 939 3182 1001 auctorque
3207 947 3310 1002 est,
3340 948 3397 994 ut
3429 941 3517 996 bis

1945 1013 2065 1066 quae
2094 1015 2255 1055 sensu
2291 1008 2688 1077 percipiuntur,
2719 1031 2806 1081 ea,
2839 1035 2960 1088 quae
2989 1023 3104 1077 sola
3138 1035 3319 1084 mente
3350 1030 3512 1086 intel-

1943 1089 2204 1159 liguntur.
2237 1101 2557 1164 posthabeat
2587 1123 2599 1156 ε
2630 1106 2763 1160 iram
2790 1126 2919 1163 vero
2943 1115 3175 1183 impellit
3200 1135 3264 1175 ac
3286 1125 3507 1199 excitat,

1944 1185 2002 1229 ut
2031 1179 2148 1246 ejus
2173 1181 2318 1244 boni,
2343 1189 2486 1253 quod
2519 1205 2683 1246 sensu
2722 1179 3041 1266 percipitur,
3068 1219 3252 1274 causa,
3279 1226 3343 1265 ac
3358 1183 3508 1282 quod

1936 1267 2210 1335 cupiditas
2253 1275 2480 1343 delegit,
2527 1296 2762 1351 pugnam
2799 1286 3062 1358 instruat;
3100 1299 3363 1356 rationem
3409 1320 3504 1374 po-

1939 1365 2142 1411 stremo
2190 1362 2369 1428 docet,
2421 1376 2475 1422 ut
2511 1372 2848 1442 voluptatum
2893 1395 3113 1439 sensum
3160 1388 3507 1451 allicientium

1941 1448 2130 1504 modos
2157 1452 2487 1511 adimen‘at.

2009 1562 2091 1614 96.
2127 1563 2359 1623 Summa:
2385 1570 2642 1626 bonitatis
2667 1581 2947 1647 proprium
2977 1597 3080 1650 est,
3103 1600 3164 1644 ut
3193 1608 3299 1648 non
3329 1601 3508 1655 solum

1936 1648 2149 1703 divinas
2199 1663 2252 1707 et
2300 1656 2652 1728 incorporeas
2700 1665 3097 1728 intellectilium
3146 1681 3504 1753 substantias,

1934 1754 2145 1796 arcana:
2172 1744 2478 1818 diviumquc
2508 1755 2802 1823 majestatis
2844 1762 3132 1822 simulacra
3177 1775 3502 1844 constituat;

1933 1845 2052 1897 qua:
2096 1831 2351 1890 videlicet
2396 1847 2596 1903 totam,
2633 1856 2834 1912 quanta
2881 1855 3230 1925 conceditur,
3278 1880 3379 1932 pro
3418 1871 3503 1924 sui

1935 1922 2163 1991 ratione,
2195 1929 2341 1981 omni
2387 1932 2647 2001 majorem
2693 1940 2933 2007 cogitatu
2981 1945 3242 2007 inaccessi
3289 1957 3504 2014 decoris

1928 2011 2157 2068 formam
2211 2019 2784 2096 pulchritmlinemque
2823 2034 3134 2108 recipiant;
3187 2046 3281 2098 sed
3338 2051 3500 2107 etiam

1927 2103 2033 2166 his,
2060 2121 2181 2175 qua:
2228 2108 2280 2160 in
2325 2125 2540 2166 sensum
2575 2117 2797 2181 eadunt,
2833 2122 3098 2196 longeque
3131 2132 3211 2186 ab'
3236 2137 3345 2192 illis
3376 2143 3500 2196 sub-

1927 2195 2142 2248 stantiis
2179 2211 2298 2264 qu:e
2327 2210 2504 2257 mente
2541 2205 2940 2279 intelliguntur,
2971 2195 3255 2290 deficiunt,
3288 2235 3499 2301 magni-

1927 2285 2157 2343 licentia:
2200 2303 2596 2351 sumextrema
2631 2302 2877 2368 quaedam
2923 2312 3076 2376 quasi
3123 2319 3347 2389 vestigia
3394 2326 3497 2378 mia

1926 2388 2101 2444 secat;
2151 2397 2272 2450 qua:
2322 2384 2429 2438 illis
2475 2388 2737 2445 nitentem
2783 2394 3163 2473 invectamque
3203 2409 3496 2473 humanam

1924 2479 2182 2534 mentem,
2219 2485 2364 2529 recta
2409 2479 2474 2530 ad
2509 2479 2678 2534 Deum
2723 2487 2970 2556 trajicere
3016 2495 3253 2562 valeant,
3285 2513 3494 2564 cunctis

1926 2560 2087 2614 rebus
2117 2562 2168 2620 in
2195 2575 2475 2634 aspectum
2501 2570 2826 2629 cadentibus
2855 2584 3191 2649 superiorem
3222 2592 3492 2663 effectam,

1923 2663 1983 2707 ut
2010 2670 2129 2724 qua:
2153 2669 2462 2726 supremam
2489 2661 2802 2720 beatitatem
2829 2668 3180 2732 inscenderit.

1993 2764 2079 2818 97.
2113 2765 2374 2838 Quisquis
2403 2773 2638 2840 animus,
2685 2779 2884 2836 virtute
2908 2799 2972 2840 ac
3009 2784 3237 2850 scientia
3264 2811 3489 2858 corona-

1920 2863 2030 2918 tus,
2070 2858 2221 2912 velut
2249 2875 2478 2931 magnus
2519 2865 2800 2947 Ezechias,
2838 2883 2897 2928 ut
2930 2875 3230 2940 Jerusalem
3262 2888 3491 2960 imperio

1919 2955 2070 3014 regat
2116 2960 2310 3005 nactus
2341 2961 2424 3007 est
2461 2955 2728 3023 (habitum
2767 2964 2976 3021 scilicet
3015 2971 3185 3028 solam
3215 2955 3487 3038 videntem
3517 3046 3520 3050 ,

1917 3051 2106 3104 pacem
2157 3056 2169 3092 :

1917 3131 2420 3194 perturbationibus
2452 3149 2762 3209 carentem;
2792 3134 3093 3208 Jerusalem
3128 3161 3274 3215 enim
3305 3169 3483 3221 nomi-

2027 3225 2305 3279 notatione
2330 3231 2473 3296 pacis
2500 3231 2627 3286 visio
2651 3238 2778 3302 est),
2811 3251 3117 3300 creaturam
3141 3264 3355 3309 omnem
3378 3257 3480 3313 sibi

1911 3311 2201 3368 obnoxiam
2233 3317 2429 3385 habet;
2462 3339 2582 3392 qum
2608 3341 2705 3394 per
2725 3328 2926 3387 formas
2955 3336 3100 3393 illam
3123 3346 3477 3413 complentes,

1911 3401 2056 3458 illius
2094 3420 2278 3476 opera,
2309 3414 2585 3481 spiritales
2629 3419 2684 3473 in
2713 3435 2776 3475 ea
2824 3426 3066 3486 scientiae
3097 3437 3335 3494 rationes
3363 3451 3477 3499 tan—

1907 3507 2067 3562 quam
2098 3498 2262 3563 dona,
2305 3503 2417 3557 Deo
2449 3509 2647 3564 otl‘erat
2675 3513 2754 3577 7";
2784 3515 2860 3571 illi
2897 3533 3022 3574 vero
3055 3531 3309 3596 tanquam
3354 3551 3479 3590 mu-

1907 3599 2058 3643 nera.
2079 3591 2406 3649 exsistentes
2429 3595 2590 3667 557
2615 3600 2669 3656 in
2695 3617 2758 3659 ea
2787 3608 2972 3664 virtuti
2995 3591 3352 3688 comparatos,
3376 3641 3475 3697 pro

1905 3680 2170 3735 naturalis
2210 3682 2346 3751 legis
2378 3689 2608 3757 ratione,
2641 3695 2829 3752 modos
2875 3703 3097 3770 pendat,
3138 3718 3195 3764 et
3229 3680 3475 3787 utrisque
3516 3769 3522 3778 .

1903 3780 2028 3818 eum
2086 3769 2380 3837 magnifice
2415 3775 2614 3832 habeat
2660 3798 2723 3837 ac
2773 3788 3025 3857 accipiat,
3078 3769 3172 3864 qui
3213 3769 3474 3876 utrinque

1902 3864 2124 3914 strenue
2157 3864 2463 3934 eximieque
2497 3870 2706 3928 clarere
2734 3877 2931 3944 valeat,
2961 3885 3230 3951 ejusmodi
3264 3898 3468 3955 scilicet

1900 3949 2176 4016 animum,
2211 3956 2303 4023 qui
2353 3959 2563 4015 ratione
2597 3973 2654 4017 et
2689 3968 2796 4021 vita
2818 4009 2832 4032 ,
2883 3975 3208 4048 aetioneque
3239 3999 3302 4039 ac
3336 4005 3470 4043 con-

1902 4040 2254 4108 templatione
2279 4047 2518 4114 perfecte
2546 4053 2889 4127 philosophia
2914 4040 3131 4142 polleat:

1897 4239 1981 4295 nis
2013 4244 2162 4298 cultu
2202 4248 2538 4320 adimplevit,
2567 4259 2765 4313 merito
2787 4265 3088 4338 exaltatur;
3123 4289 3318 4345 nempe
3340 4297 3462 4337 ear-

1885 4333 2111 4390 ‘nalihus
2138 4353 2201 4392 ac
2235 4341 2326 4409 qui
2359 4343 2493 4399 vitio
2532 4347 2758 4416 haerent,
2806 4333 3111 4426 aﬂ'ectibus,
3152 4333 3266 4433 per'
3291 4372 3462 4426 actio-

1893 4435 2019 4476 nem
2060 4428 2311 4494 superior
2350 4432 2598 4501 eti‘ectus,
2637 4444 3088 4518 naturalibusque
3129 4428 3213 4525 (ut
3242 4465 3460 4528 vocant)

1822 4540 1866 4596 υ
1894 4513 2233 4580 corporibus,
2260 4533 2380 4587 qua:
2409 4523 2619 4579 scilicet
2641 4529 2888 4587 oriantur
2915 4549 2979 4590 ac
3006 4513 3311 4610 intereant;
3343 4565 3461 4604 om-

1893 4601 2168 4673 ninoque,
2205 4618 2265 4663 ut
2312 4615 2479 4668 semel
2515 4616 2719 4684 dicam,
2773 4621 2963 4682 formis
2997 4635 3253 4691 omnibus
3298 4651 3460 4712 atque

1893 4695 2105 4748 naturis
2141 4696 2195 4751 in
2237 4713 2458 4756 sensum
2505 4707 2856 4778 cadentibus,
2909 4731 3008 4784 per
3043 4695 3456 4798 contemplatio-

1890 4798 2046 4849 nem;
2081 4789 2336 4846 omnibus
2380 4792 2433 4846 in
2479 4795 2559 4850 eis
2605 4800 2906 4860 rationibus
2935 4809 3176 4869 scientia:
3207 4823 3454 4878 eminen-

1890 4873 1961 4926 tia
1995 4880 2293 4945 superatis;
2331 4882 2375 4937 is
2413 4887 2536 4940 talis
2577 4891 2817 4947 animum
2851 4896 2916 4950 ad
2960 4915 3024 4955 ea
3068 4918 3188 4972 quae
3229 4923 3451 4981 cognata

1886 4978 1950 5018 ac
1977 4965 2159 5022 divina
2189 4981 2336 5036 sunt,
2373 4979 2613 5033 sustulit.

1953 5077 2040 5133 99.
2075 5080 2178 5147 Qui
2210 5085 2442 5144 actionis
2462 5091 2767 5162 laboribus,
2802 5117 2865 5156 ac
2891 5105 3093 5172 quibus
3119 5114 3293 5167 virtus
3321 5133 3449 5184 prte-

1880 5176 2078 5236 statur,
2119 5184 2313 5230 nactus
2361 5189 2465 5246 est,
2513 5193 2574 5237 ut
2625 5197 2880 5257 tanquam
2931 5195 3252 5261 Jerusalem.
3303 5176 3449 5262 tran—

1880 5259 2034 5326 quilli
2059 5262 2225 5318 animi
2257 5281 2320 5322 ac
2343 5269 2719 5340 imperturbati
2753 5280 3000 5339 habitum
3029 5291 3207 5358 colat;
3234 5298 3302 5349 ab
3329 5316 3448 5353 (διη-

1883 5351 2051 5419 nique
2109 5354 2248 5410 liber
2299 5364 2504 5428 peccati
2564 5368 2839 5434 molestia,
2889 5391 3050 5433 unam
3102 5384 3445 5463 solummodo

1883 5455 2069 5508 pacem
2103 5454 2158 5498 et
2181 5448 2294 5517 agit
2324 5460 2379 5504 et
2411 5452 2670 5522 loquitur,
2707 5463 2966 5534 auditque
2987 5481 3041 5523 et
3062 5475 3288 5543 cogitat;
3326 5451 3444 5548 post

1882 5542 2158 5601 acceptam
2190 5543 2842 5617 naturaliospeculatlone,
2886 5572 3068 5614 rerum
3101 5567 3276 5622 oculis
3318 5571 3439 5623 sub.

1873 5619 2142 5687 jectarum
2190 5639 2460 5699 naturam,
2502 5637 2801 5698 diviniores
2845 5646 2899 5700 in
2946 5663 3008 5704 ca
3056 5656 3292 5714 rationes
3323 5670 3442 5716 tan~

3031 5916 3057 5972 Ῑι
3068 5917 3106 5972 0
