4192 6436
776 374 911 441 1263

1932 383 1970 439 S
2032 383 2315 443 MAXI)”
2360 386 2869 451 CONFESSURIS

3918 400 4030 466 ίῇί

767 505 855 560 gat
884 513 895 548 :
927 495 1084 565 cujus
1129 509 1288 547 sensu
1325 504 1603 563 percepto,
1640 496 1863 550 stultum
1900 514 1929 550 ει
1960 514 2017 553 se
2047 501 2230 557 (ιονιιίε
2264 510 2313 555 ιιι

2412 544 2418 562 ,
2451 504 2739 570 ἀσθενείας
2792 511 3119 581 συνίστοραο
3155 501 3222 582 ἧς
3257 513 3686 585 ἐπαισθόμενος,
3716 516 3781 569 τὸ
3818 516 4025 587 μάταιον

767 601 972 638 morem
1007 585 1312 651 fastumque
1342 584 1522 651 ponit.

838 678 919 727 10.
960 675 1040 727 Ira
1084 674 1300 728 Domini
1347 684 1452 739 est,
1485 690 1609 728 cum
1660 675 1846 730 divina
1894 677 2035 731 bona
2083 681 2348 750 tantisper

765 763 1167 817 sulmiinistrari
1214 764 1506 829 desinunt,
1542 782 1605 819 ac
1639 768 1888 835 qua-dam
1939 770 2094 838 quasi
2147 770 2347 826 divina:

764 854 1026 924 largitatis
1058 856 1109 908 in
1140 872 1243 910 nos
1270 856 1503 910 inducia:
1528 857 1692 911 fiunt:
1721 860 1867 929 quod
1892 861 2113 930 quidem
2138 863 2347 917 utiliter

757 946 1026 1016 contingit
1059 947 1115 1000 in
1155 963 1375 1001 omnem
1420 948 1665 1001 animum
1695 950 1988 1005 sublimem
2023 960 2077 1006 et
2106 952 2342 1021 elatum;

756 1052 818 1089 ac
843 1040 935 1107 qui
964 1040 1030 1092 de
1058 1040 1334 1093 concessis
1359 1041 1410 1093 ei
1444 1056 1473 1092 a
1505 1042 1615 1093 Deo
1639 1041 1817 1102 bouis,
1844 1051 2101 1113 tanquam
2134 1043 2203 1100 de
2231 1060 2345 1101 me-

755 1129 875 1182 ritis
909 1131 1145 1198 propriis
1173 1131 1460 1199 glorietur.

825 1223 908 1275 tl.
947 1222 1208 1292 Quisquis
1237 1224 1454 1277 animus
1483 1225 1704 1294 sapiens
1747 1235 1916 1282 estet
1954 1229 2337 1301 philosophus,

749 1323 805 1367 et
830 1312 1028 1368 Judam
1076 1315 1241 1369 habet
1282 1325 1340 1370 et
1369 1316 1670 1370 Jerusalem
1705 1319 1942 1373 :Judam
1985 1322 2231 1390 quidem,
2280 1333 2340 1378 ut

750 1405 1153 1475 philosophiam
1191 1408 1460 1461 colentem
1503 1408 1813 1473 actionem;
1844 1410 2149 1465 Jerusalem
2181 1430 2334 1477 vero,

750 1502 810 1545 ut
862 1494 1368 1563 eoutenqilatricem
1426 1510 1710 1548 sacrorum
1767 1496 2138 1566 disciplinam.
2197 1498 2333 1552 Cum

745 1600 876 1653 ergo
913 1586 997 1653 pia
1048 1600 1202 1639 mens
1247 1602 1310 1639 ac
1356 1586 1630 1656 religiosa,
1670 1588 1854 1641 divina
1899 1590 2071 1658 gratia
2107 1591 2331 1656 comite,

743 1691 842 1744 per
876 1676 1304 1746 philosophiam,
1359 1687 1473 1732 tum
1524 1695 1645 1747 qtae
1692 1680 1964 1733 actionem
2016 1682 2169 1745 colit,
2216 1691 2332 1735 tum

742 1781 864 1834 qua:
902 1768 1350 1835 contemplationi
1390 1768 1596 1831 studet,
1629 1770 1848 1839 repulsa
1882 1772 2031 1825 omni
2063 1774 2327 1841 potentia,

740 1873 864 1925 qua.-
895 1858 1083 1911 virtuti
1115 1873 1179 1911 ac
1207 1848 1457 1913 scientia:
1487 1859 1831 1921 adversatur,
1866 1861 1934 1914 de
1979 1865 2328 1932 nequissimis
2363 1844 2403 1899 Β

741 1949 1028 2016 spiritibus
1056 1952 1225 2004 relata
1255 1949 1497 2019 perfecte
1528 1952 1776 2015 victoria,
1810 1952 1973 2024 560
2002 1955 2122 2025 ejus
2156 1957 2327 2011 victo-

741 2040 834 2093 riae
864 2041 1074 2095 auctori
1114 2042 1245 2107 Deo,
1276 2042 1518 2096 debitam
1563 2045 1862 2111 gratiarum
1896 2046 2169 2100 actionem
2213 2064 2323 2103 non

741 2133 1013 2195 retulerit,
1040 2132 1134 2186 sed
1169 2133 1335 2187 corde
1366 2136 1625 2199 exaltata,
1646 2151 1808 2190 unam
1837 2152 1893 2191 se
1930 2138 2099 2191 totius
2120 2137 2326 2193 facino-

739 2219 836 2281 ris,
870 2221 1121 2289 ejusque,
1153 2222 1299 2291 quod
1346 2238 1412 2275 ex
1446 2232 1573 2277 voto
1620 2225 1807 2289 cessit,
1838 2235 2117 2282 auctorem
2159 2236 2317 2298 puta-

736 2310 881 2365 verit
914 2328 926 2364 :
962 2319 1112 2370 tunc.
1143 2313 1295 2366 velut
1323 2328 1444 2380 quae
1470 2313 1601 2377 Deo,
1627 2314 1781 2383 juxta
1827 2316 2002 2369 vicem
2036 2332 2200 2385 quam
2244 2318 2320 2371 illi

738 2402 1003 2456 tribuerat
1028 2418 1136 2455 non
1170 2403 1507 2471 rependerit,
1533 2419 1642 2457 nou
1677 2405 1842 2459 modo
1868 2406 1985 2475 ipsa
2010 2407 2321 2463 derelictio-

735 2494 821 2548 uis
854 2494 989 2548 iram
1028 2495 1081 2548 in
1125 2510 1246 2548 eam
1295 2496 1583 2550 conflatam
1631 2497 1869 2566 excipit,
1917 2514 2108 2553 vermn
2152 2500 2319 2555 etiam

730 2583 901 2638 Judas
937 2593 995 2639 et
1024 2585 1328 2640 Jerusalem
1372 2586 1417 2616 ⁸⁸
1438 2626 1453 2649 ,
1488 2587 1723 2640 actionis
1757 2589 1968 2643 scilicet
2016 2590 2235 2646 habitus
2263 2600 2318 2646 et

731 2677 1211 2745 contemplationis
1245 2694 1257 2728 :
1294 2675 1577 2746 probrosis
1599 2677 1861 2732 nimirum
1892 2681 2183 2737 all'ectihus
2209 2692 2318 2737 sta-

733 2769 850 2831 tim,
882 2770 996 2824 Deo
1025 2770 1401 2839 permittente,
1435 2771 1703 2828 adversus
1734 2776 2009 2832 actionem
2032 2779 2317 2849 insurgen-

731 2861 898 2926 tibus,
930 2862 1303 2932 haetenusque
1329 2864 1594 2918 munditia
1624 2866 1892 2923 nitentem
1919 2870 2313 2926 conscientiam

729 2953 1090 3019 undantibus;
1131 2954 1393 3024 falsisque
1428 2958 1733 3013 rationibus
1786 2975 1850 3015 ac
1889 2963 2315 3033 cogitationibus

728 3059 834 3096 una
873 3059 997 3099 cum
1052 3060 1236 3098 rerum
1284 3046 1661 3115 speculatione
1695 3048 1968 3119 implexis,
2010 3069 2075 3109 ac
2104 3065 2310 3111 rectam

728 3136 993 3192 hactenus
1048 3138 1293 3192 scientia:
1341 3139 1659 3208 opinionem
1725 3145 2191 3210 pervertentibus.
2248 3149 2308 3203 Ei

721 3227 867 3280 enim
904 3228 997 3297 qui
1041 3243 1143 3297 pro
1186 3228 1402 3283 actione
1432 3232 1736 3297 extollitur,
1770 3249 1957 3289 comes
1980 3246 2064 3290 est
2095 3247 2311 3306 pertur-

725 3320 1005 3373 bationum
1058 3320 1354 3390 ignominia
1404 3336 1469 3376 ac
1519 3323 1784 3392 probrum
1834 3342 1847 3378 :
1890 3342 2018 3380 eum
2052 3344 2184 3383 vero
2215 3334 2308 3401 qui

722 3428 822 3481 pro
855 3413 1082 3466 scientia
1120 3412 1361 3477 inflatur,
1389 3414 1537 3483 justo
1572 3415 1715 3469 Deus
1748 3417 1957 3485 iudicio
1983 3433 2173 3475 errore
2202 3421 2307 3477 labi

719 3503 991 3572 permittit
1018 3505 1364 3574 speculanda:
1400 3506 1584 3559 studio
1613 3508 1882 3562 veritatis.

791 3597 877 3651 i2.
910 3598 1100 3651 Divina
1138 3614 1330 3652 revera
1374 3600 1560 3666 remtla
1603 3600 1801 3669 lexque
1841 3617 1909 3655 ex
1941 3602 2308 3660 Provide-mite

720 3688 1027 3744 rationibus
1072 3691 1241 3744 rebus
1284 3690 1456 3745 indita
1490 3702 1597 3756 est,
1648 3710 1747 3765 per
1776 3698 2056 3753 contraria
2095 3701 2305 3754 erudiri

716 3779 783 3833 ad
808 3780 965 3849 probi
993 3782 1245 3852 gratique
1278 3782 1446 3837 animi
1481 3799 1729 3850 sensum,
1759 3785 1853 3854 qui
1884 3785 2185 3843 virtutibus
2209 3789 2306 3843 do-

718 3871 911 3940 nisque
955 3871 1077 3926 fulti
1118 3874 1311 3944 ingrati
1339 3874 1761 3939 exstiteramus;
1787 3877 2303 3949 contrariorumque

715 3965 1093 4032 experimento
1121 3964 1373 4034 provehi,
1403 3976 1463 4020 ut
1492 3966 1634 4020 bona
1675 3974 2023 4035 praestantem
2059 3968 2301 4024 divinam

715 4053 1012 4122 potentiam
1043 4069 1430 4124 agnoscamus;
1462 4071 1532 4111 ne
1574 4055 1795 4111 virtutis
1834 4066 1997 4126 atque
2029 4059 2299 4114 bonorum

715 4146 857 4201 felici
889 4162 1076 4210 cursu,
1110 4146 1465 4216 permittente
1513 4147 1881 4217 providentia,
1930 4148 2299 4205 inviolabilem

712 4236 881 4289 animi
910 4238 1203 4293 elationem
1230 4237 1542 4307 festumque
1571 4239 1741 4303 nacti,
1771 4239 1826 4292 in
1856 4239 2149 4294 adversum
2188 4242 2299 4295 Deo

712 4328 981 4397 superbia:
1023 4327 1279 4385 affectum
1336 4331 1709 4397 prolabamur,
1740 4332 1834 4400 qui
1865 4341 2113 4387 nostrum
2155 4333 2298 4403 ipso—

714 4434 834 4471 rum
882 4428 1095 4482 natura,
1142 4436 1251 4475 non
1282 4422 1457 4491 gratia
1488 4422 1935 4490 comparabilem,
1966 4424 2188 4478 virtutis
2233 4440 2297 4480 ac

2450 595 2564 666 οίδη
2575 616 2649 667 μα
2677 601 2777 670 τῆς
2806 601 3032 671 καρδίας
3063 605 3406 661 ἀποτίθεται.

2528 686 2575 737 ι’.
2619 688 2786 758 Ὀργὴ
2825 690 3032 760 Κυρίου
3057 694 3228 759 ἐστὶν,
3253 697 3286 766 ἡ
3313 697 3579 767 ἀνακωχὴ
3614 700 3718 769 τῆς
3740 698 3858 750 τῶν
3884 698 4023 751 θείω-ι

2449 779 2811 847 χαρισμάτων
2839 783 3109 853 χορηγίας
3130 799 3143 812 ·
3176 785 3211 854 ἧ
3240 802 3326 848 τις
3349 788 3754 857 συμφερόντως
3786 788 3883 841 ἐπὶ
3907 789 4022 841 πάν-

2447 883 2519 919 τα
2549 869 2763 934 γίνεται
2802 872 2930 925 νοῦν
2961 874 3168 946 ὑψηλὸν
3199 878 3294 930 καὶ
3322 878 3603 949 μετέωρον
3628 895 3645 909 ’
3693 878 3792 932 καὶ
3822 881 3931 942 mi;
3951 880 4025 931 δοο

2448 958 2619 1013 θεῖσιν
2649 963 2802 1033 αύτῷ
2836 964 3023 1019 θεόθεν
3054 968 3263 1034 καλοῖς,
3296 971 3374 1034 ὡς
3423 970 3519 1022 ἐπὶ⁸
3551 970 3713 1033 ἰδίοις
3757 970 4019 1041 κατορθώ-

2450 1068 2583 1121 μασι
2621 1056 3161 1129 μεγαλαυχούμενον.

2517 1229 2609 1275 ια’.
2672 1225 2786 1288 Πᾶς
2822 1230 3132 1295 γνωστικὸς
3175 1233 3271 1285 καὶ
3302 1232 3599 1302 φιλόσοφος
3625 1232 3779 1297 νοῦς,
3817 1236 3912 1286 καὶ
3942 1233 4021 1285 τάν

2455 1315 2657 1371 Ἰούδαν
2685 1318 2801 1388 ἔχει
2837 1325 2931 1375 καὶ
2963 1325 3063 1394 τὴν
3086 1324 3450 1397 Ἰερουσαλήμ
3470 1343 3487 1358 ο
3529 1327 3627 1380 τὸν
3663 1326 3768 1397 μὲν
3815 1326 4018 1388 Ἰούδαν.

2439 1405 2516 1470 ὡς
2556 1412 2870 1483 πρακτικὴν
2910 1416 3237 1486 φιλοσοφίαν
3258 1434 3277 1458 ·-
3312 1418 3417 1489 τὴν
3446 1418 3504 1471 δὲ
3539 1417 3928 1489 Ἰερουσαλὴμ,
3954 1419 4019 1479 ὡς

2439 1500 2786 1573 θεωρητικὴν
2841 1512 3259 1579 μυσταγωγίαν.
3300 1513 3577 1583 Ὅπηνίκα
3630 1508 3727 1566 οὖν
3787 1513 3880 1565 διὰ
3932 1512 4021 1579 τῆς

2438 1591 2590 1657 θείας
2620 1598 2840 1669 χάριτος
2888 1603 2918 1653 ὁ
2950 1602 3200 1668 φιλόθεος
3229 1604 3377 1671 νοῦς,
3412 1605 3560 1659 κατά
3589 1623 3650 1660 τε
3678 1606 3782 1676 τὴν
3809 1616 4021 1678 1:912?!-

2435 1688 2538 1756 κήν
2564 1693 2660 1743 καὶ
2691 1692 3035 1765 θεωρητικὴν
3055 1696 3401 1767 φιλοσοφίαν,
3431 1700 3620 1752 πᾶσαν
3643 1700 4019 1769 ἀντικειμένην

2434 1780 2603 1852 ἀρετῇ
2639 1787 2731 1837 καὶ
2761 1787 2962 1854 γνώσει
2990 1790 3467 1861 διακρουσάμενος
3514 1793 3773 1863 δύναμιν,
3811 1795 4019 1854 τελείως

2434 1875 2495 1928 τὺ
2526 1877 2667 1930 κατὰ
2698 1879 2810 1932 τῶν
2852 1883 3188 1953 πνευμάτων
3229 1885 3329 1955 τῆς
3379 1887 3656 1958 πονηρίας
3685 1887 4019 1957 ἀναδήσηται

2434 1968 2637 2038 κράτος
2667 1972 2770 2040 (ιι),
2815 1973 2910 2025 καὶ
2953 1978 3031 2046 μὴ
3072 1977 3175 2041 τὴν
3228 1976 3462 2031 δέουσαν
3496 1979 3865 2049 εὐχαριστίαν
3900 1981 4019 2032 ἀνᾶ-

2432 2060 2595 2133 θηται
2624 2063 2703 2134 τῷ
2730 2067 2887 2135 αἰτίῳ
2912 2070 3012 2139 τῆς
3036 2070 3196 2140 νίκης
3219 2071 3364 2140 Θεῷ,
3392 2070 3509 2125 ἀλλ’
3538 2074 3733 2144 ὑψωθῇ
3760 2074 3861 2144 τὴν
3889 2092 4016 2141 καρ-

2430 2154 2567 2220 δίαν,
2609 2159 2803 2211 ἑαυτὸν
2827 2161 2922 2214 τοῦ
2959 2165 3165 2229 παντὸς
3215 2167 3650 2238 κατορθώματος
3678 2169 4019 2238 ἡγησάμενος

2430 2247 2605 2300 αἴτιον
2630 2263 2643 2276 ⁸
2687 2251 2991 2318 τηνικαῦτα
3024 2251 3100 2316 ὡς
3131 2253 3207 2324 μὴ
3241 2256 3589 2319 ἀνταποδοὺς
3622 2256 3704 2327 τῷ
3737 2257 3861 2326 Θεῷ
3887 2259 4020 2308 κατᾶ

2426 2337 2489 2389 τί,
2519 2340 2897 2412 ἀνταπόδομα,
2931 2344 2960 2396 ὃ
3012 2345 3405 2400 ἀνταπὲδωκεν
3460 2348 3633 2417 αὐτῷ,
3693 2347 3912 2418 δέχεται
3961 2350 4016 2400 α)

2430 2431 2592 2499 μόνον
2623 2434 2787 2497 αὐτὸς
2815 2437 3111 2508 γινομένην
3146 2438 3236 2491 ἐπ’
3268 2438 3442 2492 αὐτὸν
3469 2440 3570 2510 τὴν
3598 2440 3774 2511 ὀργὴν
3802 2441 3905 2510 τῆς
3933 2443 4017 2508 ἐγ-

2426 2524 2824 2594 καταλείψεως,
2881 2515 3022 2582 ἀλλὶ
3085 2531 3179 2583 καὶ
3215 2531 3418 2595 Ἰούδας
3466 2535 3563 2585 καὶ
3612 2534 4011 2604 Ἰερουσαλήμ·

2424 2617 2725 2683 τουτέστιν,
2760 2621 2793 2689 ἡ
2821 2621 2918 2691 τῆς
2965 2623 3224 2693 πράξεως
3256 2624 3373 2690 ἐξις
3430 2626 3530 2679 καὶ
3578 2629 3681 2697 τῆς
3737 2627 4015 2697 θεωρίας⁶

2424 2710 2617 2765 παθῶν
2639 2713 2865 2782 ἀτιμίας
2900 2715 3128 2781 εὐθέως,
3166 2719 3518 2791 συγχωρήσει
3539 2719 3706 2785 Θεοῦ,
3737 2738 4015 2774 κατεπανο

2428 2801 2734 2871 ισταμένων
2779 2803 2879 2873 τῆς
2938 2806 3215 2875 πράξεως,
3279 2810 3376 2862 καὶ
3426 2810 3527 2882 τὴν
3562 2811 3706 2875 τέως
3765 2812 4019 2885 καθαρὰν

2425 2891 2764 2959 μολυνὸντων
2790 2896 3098 2967 συνείδησιν
3118 2916 3132 2930 ·
3169 2901 3267 2952 καὶ
3291 2900 3507 2970 ψευδῶν
3540 2903 3765 2956 ἐννοιῶν
3794 2921 4017 2957 συνεπι-

2420 2983 2775 3053 πλεκομένων
2826 2988 2892 3057 τῇ
2947 2986 3154 3060 θεωρίᾳ
3183 2988 3294 3043 τῶν
3324 2992 3519 3057 ὄντων,
3570 2994 3669 3047 καὶ
3719 2995 3826 3063 τὴν
3879 2996 4019 3059 τέως

2419 3073 2588 3143 ὀρθὴν
2620 3075 3066 3147 διαστρεφουσῶν
3100 3079 3261 3145 δόξαν
3310 3081 3413 3150 τῆς
3448 3082 3731 3151 γνώσεως.
3763 3086 3874 3138 Τὸν
3907 3086 4017 3156 γὰρ

2337 3198 2380 3254 C
2417 3166 2784 3237 ἐπαιρόμενον
2817 3169 2913 3222 ἐπὶ
2946 3170 3168 3241 πράξει,
3207 3173 3398 3227 παθῶν
3439 3175 3633 3246 ἀτιμία
3657 3177 3976 3249 διαδέχεται
3999 3198 4013 3209 ·

2413 3256 2507 3309 τὸν
2534 3257 2591 3309 δὲ
2625 3260 2718 3311 ἐπὶ
2750 3260 2955 3328 γνώσει
2990 3262 3321 3333 ὑψούμενον,
3356 3268 3487 3336 περὶ
3511 3266 3614 3337 τὴν
3640 3268 3826 3339 ἀληθῆ
3872 3269 4012 3322 θεω-

2416 3349 2536 3419 ρίαν
2569 3352 2786 3406 πταίειν
2816 3354 2850 3423 ή
2882 3353 3069 3409 δικαία
3106 3356 3289 3427 κρίσις
3320 3361 3616 3429 συγχωρεῖ.

2483 3605 2571 3659 ιδ’.
2601 3607 2757 3672 Θεῖος
2780 3609 2859 3674 ὡς
2884 3611 3103 3683 ἀληθῶς
3147 3614 3277 3687 ὅρος
3308 3634 3368 3670 τε
3416 3618 3512 3672 καὶ
3534 3620 3701 3690 νόμος
3731 3622 3881 3675 κατά
3910 3623 4011 3693 τὴν

2417 3696 2682 3767 Πρόνοιαν
2710 3703 3011 3775 ἐνυπάρχει
3038 3708 3155 3770 τοῖς
3200 3705 3344 3776 οὖσι,
3380 3711 3735 3767 παιδεύεσθαι
3764 3714 3857 3769 διὰ
3899 3716 4010 3769 τῶν

2406 3787 2666 3842 ἐναντίων
2700 3792 3019 3863 ἐπιτρέπων
3049 3797 3188 3868 πρὸς
3234 3799 3685 3872 εὐγνωμοσύνην,
3725 3804 3861 3867 τοὺς
3913 3806 4008 3858 ἐπὶ

2406 3878 2687 3944 κρείττοσι
2719 3883 2993 3949 φανέντας
3025 3886 3357 3959 ἀγνώμονας
3392 3893 3487 3961 (ιν),
3523 3894 3618 3945 καὶ
3647 3892 3753 3963 τὴν
3800 3897 4006 3967 πεῖραν

2403 3971 2511 4024 τῶν
2570 3974 2969 4046 ἀντικειμένων
3020 3981 3120 4049 τῆς
3168 3980 3279 4033 τῶν
3335 3982 3519 4036 καλῶν
3573 3985 4004 4055 κατορθωτικῆς

2403 4060 2556 4126 θείας
2604 4064 2904 4132 ἐπίγνωσιν
2945 4070 3218 4125 ποιεῖσθαι
3275 4073 3600 4143 δυνάμεως*
3659 4077 3740 4141 ὡς
3796 4079 3867 4132 ἂν
3926 4081 4004 4152 μὴ

2406 4154 2690 4218 παντελῶς
2716 4158 2809 4210 ἐπὶ
2832 4162 2950 4223 τοῖς
2986 4161 3269 4232 ἀμείνοσιν
3300 4164 3666 4237 ἀκαθαίρετον
3693 4170 3853 4240 παρά
3898 4174 4004 4242 τῆς

2401 4246 2668 4317 Προνοίας
2696 4248 2843 4319 ἔχειν
2884 4254 3339 4325 συγχωρηθέντες
3385 4258 3487 4329 τὴν
3524 4259 3727 4330 οῖησιν,
3774 4263 3860 4325 είς
3895 4264 4003 4332 τὴν

2400 4337 2646 4391 ἀντίθεον
2666 4340 2765 4409 τῆς
2793 4341 3178 4413 ὑπερηφανίας
3204 4346 3446 4402 διάθεσιν
3469 4349 4002 4423 κατολισθήσωμεν,

2404 4431 2617 4487 ἐαυτῶν
2651 4435 2794 4488 κατὰ
2825 4435 3010 4505 φύσιν,
3040 4436 3156 4490 ἀλλ’
3183 4439 3285 4492 οὐκ
3330 4440 3626 4513 ἐπίκτητον
3649 4444 3844 4515 χάριτι
3894 4447 4003 4516 τὴν

710 4509 954 4566 scientiae
974 4512 1377 4580 possessionem
1398 4513 1809 4579 existimemus;
1839 4514 2295 4584 inveniamurque

2412 4522 2502 4593 ιῆς
2532 4524 2734 4596 ἀρετῆς
2762 4528 2859 4580 καὶ
2895 4530 2993 4597 τῆς
3040 4528 3298 4597 γνώσεως
3336 4509 3532 4602 κτῆσιν
3565 4509 3703 4588 εἶναι
3728 4509 4001 4607 νομίζονο

711 4602 856 4656 bono
883 4602 1039 4656 abusi
1083 4602 1150 4657 ad
1199 4604 1402 4657 malum
1441 4603 1823 4668 conﬂandum;
1855 4620 1919 4658 ac
1962 4605 2165 4673 quibus
2207 4622 2294 4660 ar-

710 4694 854 4749 ctius
883 4694 1236 4764 implicatam,
1265 4694 1648 4749 inconcussam
1677 4694 1733 4748 in
1764 4694 1924 4749 nobis
1951 4711 2172 4750 manere
2199 4697 2294 4752 Dei

707 4787 1040 4857 agnitionem
1072 4788 1322 4854 decebat,
1355 4786 1422 4843 iis
1453 4788 1587 4859 ipsis
1614 4789 1781 4858 (quod
1807 4788 1971 4861 absit)
2001 4792 2120 4862 ejus
2145 4793 2296 4862 igno-

707 4879 900 4934 rantia:
937 4888 1241 4935 teneamur.

778 5080 823 5113 “
856 5080 902 5136 ll
932 5079 1111 5136 Paral.
1149 5095 1313 5143 χχιιι,
1340 5080 1428 5136 ‘23.

765 5191 855 5265 '(u)
889 5192 1134 5265 Τελείῳς
1161 5191 1227 5244 τὸ
1259 5191 1412 5265 κατὰ
1451 5188 2080 5265 τῶτ-πνευμάτων-τῆς
2105 5205 2289 5261 πονη-

695 5260 847 5333 ρῖἀςς
874 5261 1223 5333 ἀνεδήσατο
1256 5261 1500 5333 ῃρᾴτος.
1527 5260 1842 5333 _Vic_teriom,
1873 5261 2109 5333 palmam
2140 5260 2287 5316 retu-

704 5329 790 5386 lit.
827 5331 920 5387 Sic
949 5332 1114 5401 Greg.
1150 5330 1212 5401 in
1240 5329 1576 5401 ,Basilio,7de
1611 5329 1907 5387 Maximino
1941 5332 2289 5389 Christianos

741 5399 1086 5473 ersequente
1115 5399 1177 5453 τὸ
1200 5400 1294 5468 τῆς
1322 5400 1595 5473 ἀσεόείαςμ
1615 5403 1816 5469 κράτος
1876 5402 2274 5473 ἀναδήσασθαι.

741 5420 1076 5471 ersequente
1115 5420 1177 5453 το
1200 5420 1294 5468 της
1322 5420 1576 5463 ασεοειας
1615 5420 1816 5469 κρατος
1876 5420 2274 5473 αναοησασυαι.

702 5420 960 5541 galmgm
981 5477 1029 5523 et
1058 5486 1309 5524 carorum:
1334 5471 1624 5541 impietatis
1652 5474 1858 5526 mereri.
1887 5472 2024 5527 Bud.
2062 5472 2152 5537 At,
2193 5472 2285 5526 Pi-

703 5539 1028 5613 eus._Planc
1050 5555 1106 5594 se
1136 5541 1360 5613 gesm'it
1395 5539 1764 5613 impudenter,
1804 5548 2094 5613 etc.,iquge
2132 5557 2285 5613 mera

704 5611 923 5666 inscitia
947 5617 1079 5664 est:
1119 5620 1181 5663 ut
1208 5609 1352 5679 quod
1395 5609 1582 5664 statim
1612 5611 1865 5679 sequitur
1921 5609 2007 5666 de'
2052 5612 2188 5667 Iuda
2233 5622 2289 5666 et

701 5680 1035 5740 Jerusalem,
1057 5680 1261 5749 quibus
1294 5679 1541 5734 eamdem
1572 5679 1949 5735 derelictionis
1978 5685 2114 5736 iram
2146 5681 2289 5736 acci-

705 5750 843 5819 dere.
868 5749 944 5802 ait
981 5750 1266 5819 Maximus,
1311 5765 1433 5819 qure
1465 5750 1733 5811 Ezechiae,
1776 5751 1907 5804 dum
1943 5752 2145 5811 reddit.
2192 5751 2285 5804 sed

706 5818 877 5874 ludas
908 5826 957 5872 et
978 5818 1276 5874 Jerusalem
1311 5818 1585 5890 ingruunt.
1632 5820 1787 5874 Dicas
1816 5821 1967 5889 loqui
2001 5822 2067 5877 de
2102 5822 2278 5875 hosti-

2398 4630 2526 4678 τες·
2569 4616 2665 4669 καὶ
2717 4617 3033 4689 εὑρεθῶμεν
3058 4619 3137 4691 τῷ
3184 4621 3337 4692 καλῷ
3376 4623 3513 4694 πρὸς
3540 4626 3642 4694 τὴν
3670 4626 3770 4681 τοῦ
3808 4629 3999 4684 κακοῦ

2393 4706 2667 4778 χρώμενοι
2704 4709 2943 4778 γένεσιν,
2975 4714 3069 4765 καὶ
3091 4712 3159 4766 δι’
3182 4705 3257 4767 ὧν
3285 4712 3392 4768 ἔδει
3411 4715 3574 4769 πλέον
3600 4717 3997 4792 διασφιγχθεῖ-

2393 4816 2494 4852 σαν
2510 4801 2568 4852 ἐν
2588 4802 2724 4870 ἡμῖν
2745 4801 3043 4857 ἀσάλευτον
3062 4804 3246 4875 μένειν
3265 4805 3366 4878 τὴν
3394 4806 3546 4862 θείαν
3564 4811 3901 4879 ἐπίγνωσιν,
3927 4814 4002 4868 δι’

2392 4889 2621 4946 ἐκείνων
2650 4891 2727 4954 ὡς
2753 4892 2854 4946 οὐκ
2888 4892 3097 4964 ὤφελον
3136 4894 3233 4968 τὴν
3281 4897 3488 4973 ταύτης
3512 4902 3858 4972 νοσήσαντες
3892 4907 4003 4975 ἆγ-

2390 5000 2563 5039 νοιαν.

2393 5192 2498 5247 bus
2518 5193 2689 5262 ipsius
2726 5192 2996 5250 Ezechiae.
3033 5194 3125 5251 Sic
3159 5196 3314 5251 nullo
3335 5213 3499 5254 sensu
3526 5201 3741 5258 omnia.

2465 5263 2538 5334 (υ)
2576 5262 2722 5343 ζοὺς
2774 5264 2874 5343 ἐπὶ
2907 5266 3206 5343 κρείττοσι
3254 5268 3555 5343 φανέντας
3585 5272 3993 5343 ἀγνώμονας.

2393 5332 2764 5411 [Γρκρεῖττοχ.
2790 5332 2951 5411 haud
2984 5332 3493 5411 raro__pro'virtute
3531 5332 3842 5411 isitmitur;
3878 5332 3997 5401 néc

2391 5401 2483 5457 hic
2519 5401 2680 5457 aliter
2704 5402 2988 5459 Maximus.
3010 5406 3085 5460 De
3112 5401 3201 5460 illa
3227 5406 3372 5462 enim
3392 5410 3752 5468 Providentia
3789 5401 3997 5470 sermo

2389 5482 2639 5547 est,_qua
2672 5472 2821 5528 vitiis
2839 5482 2897 5547 et
2929 5475 3219 5547 affectibus
3243 5477 3493 5535 laborare
3514 5481 3782 5547 sinimur,
3816 5496 3888 5540 ut
3918 5487 3993 5541 ad

2390 5542 2716 5597 modestiam
2762 5545 3011 5614 gratique
3056 5545 3223 5600 animi
3278 5563 3499 5603 sensum
3555 5551 3612 5605 in
3653 5542 3995 5610 virtutibus

2386 5626 3167 5692 eom_ponamur,_summcquc
3200 5617 3313 5672 Deo
3334 5633 3554 5692 exesam
3579 5622 3800 5692 jllique
3832 5642 3989 5679 con-

2385 5684 2612 5756 trariam
2643 5683 2981 5756 superbiam,
3001 5683 3158 5756 longe
3187 5689 3546 5745 excutiamus.
3571 5689 3666 5747 Sic
3685 5683 3805 5747 non
3832 5696 3992 5750 bene

2384 5750 2567 5825 Picus,
2617 5750 2769 5825 rebus
2816 5750 3122 5825 prosperis;
3154 5758 3305 5811 rebus
3338 5761 3611 5823 sccm'.dis,'
3665 5774 3766 5816 aut
3822 5776 3990 5819 certe

2384 5821 2567 5878 minus
2606 5821 2894 5893 explicate.
