4192 6436
222 406 352 472 1265

287 520 378 584 ιγ’.
415 513 581 583 ’Ὀρον
606 513 700 566 καὶ
727 515 887 582 νόμον
916 513 1292 583 ἐνυπάρχοντα
1316 513 1459 565 θεῖον
1486 515 1602 575 τοῖς
1628 507 1780 565 οὖσιν
1811 510 1855 565 Α

216 605 396 673 ἴσμεν,
447 605 545 673 τὴν
591 603 698 655 τῶν
753 603 922 655 ὄντων
966 602 1291 669 συνεκτικὴν
1326 603 1606 673 πρόνοιαν,
1643 599 1782 654 κατὰ

215 693 396 766 κρίσιν
440 694 658 747 δικαίαν
682 697 747 764 τῇ
780 693 972 746 σπάνει
1015 693 1122 746 τῶν
1167 693 1387 762 ἀγαθῶν
1420 693 1784 746 παιδεύουσαν

214 786 353 854 πρὸς
388 785 832 855 εὐγνωμοσύνην,
860 785 985 847 τοὺς
1015 785 1107 836 ἐπὶ
1148 786 1214 853 τῇ
1258 784 1488 854 ἀφθονίᾳ
1517 782 1625 836 τῶν
1651 783 1786 848 ἀγα-

214 877 326 928 θῶν
349 877 485 946 πρὸς
512 877 605 928 τὸν
629 875 833 946 ταύτης
865 876 1100 946 χορηγὸν
1133 874 1403 943 φανέντας
1435 873 1783 940 ἀγνώμονας,

211 967 302 1018 διὰ
325 966 434 1020 τῶν
462 967 721 1019 ἐναντίων
749 967 945 1028 αὐτοὺς
977 965 1112 1034 πρὸς
1160 963 1514 1033 συναίσθησιν
1546 962 1785 1028 ἄγουσαν

211 1058 314 1126 τῆς
347 1057 439 1108 τοῦ
490 1055 849 1126 χαριζομένου
884 1056 952 1109 τὰ
997 1055 1135 1108 καλά
1180 1052 1549 1122 διαγνώσεως.
1585 1052 1651 1104 ’Π
1699 1046 1786 1104 ἐπ’

211 1151 382 1218 ἀρετῇ
413 1149 522 1218 γὰρ
566 1148 763 1217 οἴησις,
797 1144 1258 1214 ἀπαιδαγώγητος
1309 1145 1568 1214 μένουσα,
1603 1142 1664 1196 τὺ
1689 1143 1786 1212 τῆς

212 1240 596 1312 ὑπερηφανίας
633 1241 830 1309 γεννᾷν
871 1238 1080 1307 πέφυκε
1130 1238 1364 1307 νόσημα,
1405 1235 1466 1289 τὸ
1509 1235 1608 1306 τὴν
1635 1237 1783 1288 ἀντι-

213 1333 477 1403 κειμένην
503 1331 582 1401 τῷ
608 1331 727 1401 Θεῷ
754 1331 918 1401 φέρον
939 1330 1200 1384 διάθεσιν.

290 1511 372 1564 ιδ’.
407 1513 465 1563 Ὀ
495 1511 742 1579 οἰόμενος
775 1510 967 1563 ἑαυτὸν
1000 1509 1388 1579 κατειληφέναι
1419 1509 1480 1560 τὸ
1513 1507 1664 1570 τέλος
1687 1508 1786 1576 τῆς

215 1605 443 1674 ἀρετῆς,
477 1603 730 1674 οὐδαμῶς
776 1603 1002 1672 ζητήσει
1049 1601 1233 1654 λοιπὸν
1265 1601 1362 1670 τὴν
1407 1601 1649 1669 πηγαίαν
1677 1601 1786 1652 τῶν

215 1695 399 1748 καλῶν
431 1695 632 1757 αἰτίαν,
655 1693 835 1762 ἐαυτῷ
867 1693 1014 1762 μόνῳ
1041 1693 1388 1763 περιγράψας
1419 1691 1517 1762 τὴν
1542 1692 1641 1760 τῆς
1667 1692 1788 1760 ἐφέ-

215 1805 358 1849 σεως
381 1786 631 1855 δύναμιν,
677 1786 770 1837 καὶ
801 1785 962 1837 αὐτὸν
992 1787 1088 1854 τῆς
1120 1783 1393 1852 σωτηρίας
1421 1783 1512 1836 τὸν
1535 1785 1659 1853 ὅρον
1693 1781 1781 1850 ὑφ’

214 1837 705 1944 ἑαυτοῦ,φῗημὶιδὲ
739 1876 830 1927 τὸν
874 1837 1438 1944 Θεὸν,.ξημιούιμενος
1476 1837 1578 1945 (x):
1621 1875 1677 1926 ὐ
1726 1837 1781 1926 δὲ
1818 1837 1858 1890 Β

215 1968 320 2032 τῆς
368 1965 561 2018 ἑαυτοῦ
611 1967 739 2035 περὶ
790 1965 859 2018 τά
897 1966 1035 2019 καλά
1080 1967 1316 2036 φυσικῆς
1364 1964 1783 2034 συναισθόμενος

219 2054 432 2117 πενίας,
474 2055 534 2107 οὑ
575 2055 804 2108 παύεται
842 2056 1224 2127 προτροπάδην
1263 2056 1473 2127 τρέχων
1526 2057 1661 2126 πρὸς
1697 2056 1787 2108 τὸν

215 2143 405 2197 δοῦναι
431 2144 726 2214 δυνάμενον
751 2147 848 2215 τῆς
883 2146 1090 2210 ἐνδείας
1123 2146 1220 2216 τὴν
1245 2147 1544 2218 πλήρωσιν.

296 2240 377 2287 ιε’,
408 2233 465 2286 ὐ
497 2235 595 2302 τὴν
623 2235 876 2305 ἀπειρίαν
901 2236 999 2305 τῆς
1015 2236 1214 2305 ἀρετῆς
1238 2235 1506 2303 διαγνοὺς,
1532 2237 1789 2289 οὐδέποτε

170 2356 176 2360 -
219 2325 316 2379 τοῦ
369 2327 488 2380 κατ’
532 2326 699 2397 αὐτὴν
735 2327 969 2381 παύεται
1006 2328 1242 2398 δρόμου,
1277 2327 1361 2381 ἵνα
1415 2329 1488 2398 μὴ
1538 2328 1788 2397 ζημιωθῇ

218 2419 392 2489 αὐτὴν
420 2419 518 2487 τῆς
541 2419 744 2489 ἀρετῆς
757 2419 856 2486 τὴν
891 2419 1066 2490 ἀρχὴν
1106 2419 1199 2473 καὶ
1227 2421 1288 2472 τὸ
1317 2421 1491 2484 τέλος,
1520 2421 1611 2474 τὸν
1661 2421 1792 2474 θεὸν

219 2510 391 2577 λέγω,
426 2512 552 2580 περὶ
582 2511 773 2564 ἑαυτὸν
797 2513 997 2583 στήσας
1025 2514 1122 2583 τὴν
1152 2513 1372 2582 κίνησιν
1400 2517 1499 2584 τῆς
1532 2515 1789 2583 ἐφέσεως·

224 2603 324 2654 καὶ
356 2600 490 2672 λάθῃ
512 2603 747 2671 νομίζων
775 2603 1101 2672 ἐπειλῆφθαι
1126 2605 1223 2674 τῆς
1262 2605 1590 2674 τελειότητος
1611 2648 1625 2672 ,
1661 2608 1793 2660 ὑπο-

225 2694 409 2762 μένων
444 2693 542 2744 ’τοῦ
587 2694 800 2764 ἀληθῶς
826 2694 977 2757 ὄντος
1018 2695 1117 2765 τὴν
1171 2695 1463 2761 ἔκπτωσιν,
1498 2698 1631 2766 πρὸς
1660 2698 1795 2766 ὅπερ

223 2786 507 2855 ἐπείγεται
551 2786 697 2839 πᾶσα
723 2786 1010 2840 σπουδαίου
1039 2786 1268 2855 κίνησις.

328 2982 401 3038 ς’.
440 2975 649 3028 Γίνεται
677 2976 901 3039 δικαίως
931 2978 1024 3029 ἐπὶ
1052 2978 1140 3030 τὸν
1187 2977 1534 3048 ύψηλόφρονα
1565 2979 1686 3031 νοῦν
1716 2980 1797 3048 6p-

225 3071 301 3137 γὴ
333 3084 343 3094 ·
378 3068 672 3136 τουτέστιν,
701 3070 1116 3139 ἐγκατάλειψις,
1144 3071 1285 3124 καθά
1341 3076 1555 3142 εἴρηται
1592 3089 1604 3100 ·
1633 3073 1799 3142 ἤγουν

879 404 1212 464 CAPITUM
1249 402 1670 474 QUINQUIES
1708 395 2227 460 CENTENURUM
2265 399 2652 459 CENTURIA
2690 399 2803 458 ΠΙ.

1957 510 2042 562 13.
2073 511 2334 580 Regulam
2369 511 2649 580 legemque
2681 510 2918 562 divinam
2949 509 3112 561 rebus
3144 510 3320 562 inesse
3351 512 3452 565 sci-

1886 615 2026 664 mus,
2057 618 2178 670 qua:
2211 602 2421 658 scilicet
2469 617 2555 657 res
2587 602 2832 655 continet
2879 618 2942 656 ac
2985 609 3293 664 conservat,
3326 602 3454 655 Pro-

1886 691 2211 759 videntiam;
2248 695 2398 762 justo
2423 695 2582 763 plane
2607 693 2816 764 judicio
2850 693 3114 746 bonorum
3147 695 3374 762 penuria
3396 704 3457 752 et

1886 792 2124 851 egestate
2171 784 2292 836 illos
2335 786 2698 846 erndientem,
2748 793 2807 837 ut
2849 786 2986 854 grati
3017 786 3181 838 animi
3233 800 3455 838 sensum

1887 881 2185 935 assumant,
2232 873 2325 941 qui
2386 874 2543 929 bonis
2580 875 2885 935 allluentes,
2932 875 3170 942 ipsorum
3212 876 3454 944 largitori

1890 962 2083 1030 ingrati
2123 965 2474 1028 exstiterant;
2501 982 2566 1019 ex
2608 965 2900 1019 contrariis
2945 965 3204 1018 nimirum
3252 969 3303 1019 in
3334 983 3458 1021 sen-

1889 1068 2007 1105 sum
2039 1053 2310 1120 ducendo,
2339 1057 2476 1126 ejus,
2501 1055 2592 1124 qni
2623 1056 2891 1108 bonorum
2923 1063 3114 1108 auctor
3144 1071 3205 1109 ac
3233 1056 3458 1124 largitor

1888 1142 1977 1194 sil.
2022 1142 2152 1206 Qua:
2192 1144 2337 1196 enim
2388 1158 2487 1211 pro
2519 1143 2736 1197 virtutis
2769 1145 3009 1206 nomine,
3064 1145 3240 1197 inanis
3272 1145 3459 1212 opinio

1890 1233 2198 1300 mentisque
2241 1233 2406 1287 elatio
2450 1233 2679 1297 accedit,
2729 1235 2830 1286 nisi
2880 1235 3234 1305 castigatione
3279 1237 3456 1304 aliqua

1887 1332 2233 1386 coerceatur,
2261 1324 2531 1392 superbia:
2553 1326 2805 1379 morbum
2833 1325 3110 1394 (affectum
3137 1329 3321 1395 utique
3350 1329 3458 1380 Deo

1887 1415 2245 1482 contrarium)
2286 1416 2526 1483 proclive
2561 1417 2719 1484 parit.

1960 1506 2044 1558 M.
2091 1505 2194 1571 Qui
2241 1522 2300 1561 se
2342 1507 2560 1561 virtutis
2599 1507 2761 1561 finem
2799 1521 3110 1563 assecutum
3142 1510 3296 1580 561
3341 1527 3460 1567 esse

1887 1598 2178 1660 existimat,
2217 1614 2486 1667 nusquam
2515 1598 2774 1668 deinceps
2806 1600 3075 1653 bonorum
3118 1603 3322 1655 fontem
3366 1619 3463 1656 au-

1888 1695 2205 1756 ctoremque
2240 1687 2501 1755 requirat,
2537 1688 2639 1741 sibi
2682 1687 2795 1757 ipse
2835 1688 3291 1743 circumscribens
3320 1691 3466 1744 desi—

1888 1781 2029 1834 derii
2060 1780 2189 1843 vim,
2219 1796 2424 1849 suoque
2454 1779 2568 1849 ipse
2603 1781 2758 1844 vitio,
2789 1782 2960 1849 ipsius
2982 1781 3174 1836 salutis
3201 1781 3323 1834 finis
3346 1783 3461 1853 (Dei

1889 1872 2169 1942 nimirum)
2215 1876 2482 1943 jacturam
2535 1873 2755 1927 faciens.
2809 1873 2914 1938 Qui
2964 1883 3146 1928 autem
3199 1875 3465 1928 naturalis

1889 1978 1999 2016 sua:
2024 1965 2382 2032 paupertatis,
2411 1963 2478 2017 ad
2523 1964 2664 2017 bona
2703 1964 2850 2033 quod
2881 1965 3075 2019 attinet
3116 1982 3180 2019 ac
3213 1967 3459 2029 honesta,

1889 2055 1992 2107 sibi
2021 2055 2134 2124 ipse
2159 2056 2411 2110 conscius
2437 2066 2539 2119 est,
2565 2057 2630 2109 ad
2662 2073 2786 2109 eum
2815 2057 3073 2111 festinare
3115 2074 3222 2111 non
3267 2070 3460 2121 cessat,

1889 2144 1980 2212 qui
2021 2147 2259 2213 penuria:
2303 2147 2742 2214 supplementum
2786 2164 2928 2201 unus
2971 2155 3227 2216 praestare
3265 2158 3460 2216 potest.

1968 2237 2047 2288 15.
2078 2236 2179 2289 Cui
2207 2235 2418 2288 infinita
2454 2237 2676 2290 virtutis
2711 2237 3017 2306 amplitudo
3047 2238 3331 2306 explorata
3356 2248 3461 2303 est,

1891 2327 1958 2380 ab
1989 2329 2108 2397 ejus
2131 2343 2413 2395 nunquam
2453 2343 2619 2383 cursu
2649 2329 2888 2393 desistit,
2922 2345 2989 2383 ne
3015 2331 3144 2401 ejus
3178 2331 3348 2398 ipsius
3369 2331 3465 2399 qui

1895 2424 2121 2477 virtutis
2146 2424 2480 2493 principium
2522 2442 2586 2478 ac
2628 2425 2752 2478 linis
2793 2434 2877 2478 est
2910 2426 3036 2492 (hoc
3081 2433 3185 2488 est,
3222 2426 3338 2495 Dei)
3382 2429 3466 2497 ja-

1893 2527 2106 2569 cturam
2140 2516 2326 2580 faciat,
2374 2517 2490 2586 ipse
2534 2517 2681 2571 circa
2709 2534 2767 2571 se
2798 2516 3062 2571 desiderii
3104 2526 3311 2570 motuin
3341 2517 3469 2571 defi-

1895 2608 2103 2661 niens:
2163 2608 2595 2677 imprudcnsque
2653 2616 2876 2663 nactum
2943 2623 2999 2662 se
3069 2608 3464 2678 perfectionem

1895 2700 2188 2763 existimet,
2235 2700 2304 2754 ab
2330 2716 2400 2754 eo
2442 2700 2732 2769 prolapsus
2772 2700 2920 2769 quod
2968 2710 3054 2755 est
3101 2715 3253 2765 vere,
3299 2709 3354 2754 et
3401 2701 3467 2754 ad

1898 2793 2045 2861 quod
2087 2801 2271 2847 motus
2311 2792 2513 2857 onmis,
2552 2791 2694 2862 ejus,
2724 2791 2818 2861 qui
2861 2791 3054 2846 virtuti
3093 2792 3298 2856 studet,
3335 2808 3467 2847 con-

1901 2885 2098 2940 tendit.

1970 2980 2057 3034 16.
2088 2988 2243 3034 Juste
2282 2981 2362 3033 ira
2391 2980 2444 3033 in
2471 2979 2714 3033 animum
2742 2980 2911 3033 altum
2941 2977 3240 3047 sapientem
3289 2977 3472 3030 obtin-

1901 3073 1980 3139 git
2024 3088 2035 3123 :
2098 3086 2296 3140 nempe
2341 3071 2649 3134 derelictio,
2697 3072 2776 3124 uti
2821 3069 3030 3124 dictum
3077 3081 3196 3134 est;
3242 3069 3377 3134 sive,
3412 3077 3473 3123 ut

226 3161 264 3227 ἡ
298 3157 395 3210 τοῦ
427 3157 771 3227 διοχληθῆναι
815 3158 975 3212 αὑτὸν
1007 3161 1148 3213 κατὰ
1186 3179 1245 3213 τε
1277 3163 1374 3231 τὴν
1403 3161 1620 3232 πρᾶξιν,
1658 3162 1800 3216 κατὰ

1903 3164 2144 3218 divcxari
2198 3179 2229 3217 a
2275 3164 2621 3217 daemonibus
2672 3177 2735 3216 ac
2788 3162 3013 3217 molesta
3063 3162 3176 3231 pati
3236 3162 3470 3227 sinatur,

227 3266 290 3300 τε
331 3249 429 3319 τὴν
457 3247 686 3320 θεωρίαν
724 3250 828 3302 ὑπὸ
856 3251 1126 3320 δαιμόνων
1151 3253 1495 3324 συγχώρησις
1521 3270 1534 3284 ⁸
1576 3255 1663 3308 ἵνα
1703 3255 1798 3309 λά-

229 3341 330 3410 ϐῃ,
354 3339 454 3408 τῆς
486 3339 582 3409 μὲν
608 3340 799 3393 ἑαυτοῦ
829 3344 1062 3412 φυσικῆς
1087 3342 1395 3407 ἀσθενείας,
1427 3345 1797 3415 συναίσθησινο

226 3432 335 3501 τῆς
362 3431 417 3483 δὲ
448 3432 750 3502 σκεπούσης
795 3433 972 3498 αὐτὸν,
1005 3434 1099 3487 καὶ
1159 3439 1220 3486 τὸ
1284 3437 1388 3487 πᾶν
1435 3437 1804 3507 κατορθούσης

228 3525 346 3576 τῶν
371 3523 587 3590 ἀγαθῶν
613 3524 758 3585 θείας
793 3524 1073 3594 δυνάμεώς
1095 3543 1153 3577 τε
1182 3528 1274 3579 καὶ
1300 3527 1540 3597 χάριτος,
1564 3529 1662 3596 τὴν
1682 3531 1804 3582 ἐπί-

226 3632 440 3682 γνωσιν
465 3631 478 3644 ’
517 3616 610 3668 καὶ
639 3615 970 3685 ταπεινωθῇ,
1000 3617 1188 3686 πόρρω
1217 3618 1495 3681 παντελῶς
1524 3621 1720 3672 ἑαυτοῦ
1747 3619 1806 3672 τὸ

228 3707 514 3777 ἀλλότριον
549 3707 641 3760 καὶ
693 3707 842 3776 παρά
895 3707 1056 3774 φύσιν
1100 3706 1234 3774 ὕψος
1272 3708 1592 3779 ποιούμενος
1621 3725 1633 3739 ο
1666 3709 1803 3762 ὥστε

233 3800 318 3870 μὴ
349 3798 592 3852 ἐπελθεῖν
630 3799 717 3850 ἐπ’
750 3797 912 3851 αὑτὸν
935 3801 1033 3868 τὴν
1063 3799 1227 3869 ἄλλην
1249 3800 1434 3870 ὀργὴν,
1468 3802 1565 3871 τῆς
1597 3802 1702 3855 τῶν
1725 3801 1807 3854 δο-

229 3892 444 3944 θέντων
474 3889 826 3961 χαρισμάτων
875 3889 1236 3959 ἀφαιρέσεως,
1278 3891 1683 3944 ταπεινωθέντα
1713 3891 1808 3943 καὶ

228 3983 530 4052 γενόμενον
591 3983 687 4052 τῆς
737 3981 830 4035 τοῦ
889 3982 1220 4052 παρέχοντος
1289 3983 1355 4035 τὰ
1421 3983 1561 4036 καλὰ
1623 4000 1807 4035 συναι-

230 4076 503 4147 σθήσεως.

315 4170 401 4232 ιζ’.
443 4167 501 4220 '0
531 4166 607 4236 μὴ
638 4165 1026 4236 σωφρονισθεὶς
1055 4164 1132 4234 τῷ
1161 4165 1362 4234 πρώτῳ
1406 4166 1538 4217 εἴδει
1585 4165 1681 4234 τῆς
1716 4167 1810 4236 ὀρ-

228 4261 368 4329 γῆς.
403 4259 570 4328 ἡγουν
622 4255 1076 4325 ἐγκαταλείψεως,
1121 4255 1297 4307 ἐλθεῖν
1338 4255 1472 4324 πρὸς
1535 4255 1801 4308 ταπείνω-

231 4369 350 4411 σιν,
396 4349 738 4418 ἡγησάμενος
786 4332 956 4416 αὐτὴν
997 4347 1096 4415 τῆς
1141 4345 1311 4414 καλῆς
1359 4347 1810 4414 ὲπιγνωμοσύνης

227 4440 582 4502 διδάσκαλον,
618 4439 714 4510 τὴν
737 4439 906 4507 ἄλλην
931 4439 1138 4507 δέχεται
1180 4437 1363 4505 σαφῶς
1390 4439 1474 4489 ἐπ’
1505 4437 1667 4489 αὑτὸν
1720 4439 1812 4506 ὲρ-

233 4532 481 4602 χομένην
512 4531 696 4603 ὀργὴν,
733 4530 1140 4600 ἀφαιρουμένην
1187 4529 1348 4582 αὐτοῦ
1393 4529 1490 4594 τὴν
1526 4527 1634 4582 τῶν
1660 4547 1813 4598 χαρι-

230 4627 470 4693 σμάτων
518 4624 816 4694 ἐνέργειαν,
850 4623 942 4674 κα)⁵
993 4621 1195 4692 ἔρημον
1254 4620 1415 4674 αὐτὸν
1469 4619 1816 4676 καθιστῶσαν

224 4718 346 4785 τῆς
383 4715 516 4777 τέως
539 4714 877 4784 φρουρούσης
909 4712 1206 4782 δυνάμεως.
1243 4711 1469 4780 Ἀφελῶ
1501 4716 1572 4781 γὰ
1621 4750 1635 4774 ,
1660 4713 1814 4780 φησὶ,

226 4812 355 4862 τίὲν
383 4806 652 4875 φραγμὸν
676 4805 1046 4875 αὐτοῦ,,,περὶ
1077 4803 1170 4856 τοῦ
1195 4805 1507 4874 ἀγνώμονος
1538 4801 1757 4875 Ἰσραὴλ
1790 4807 1819 4856 ὁ

224 4901 382 4961 θεὸς
411 4899 603 4968 λέγων,
645 4897 743 4951 καὶ
770 4897 939 4951 ἔσται
967 4899 1055 4962 εἰς
1082 4897 1417 4967 διαρπαγήν
1447 4914 1463 4930 ·
1495 4897 1594 4950 καί
1638 4902 1816 4952 καθε-

228 4990 338 5046 λῶ
367 4989 472 5041 τὸν
510 4987 713 5056 τοῖχον
740 4986 946 5051 αὐτοῦ,
979 4986 1076 5039 καὶ
1111 4987 1284 5040 ἔσται
1341 4988 1427 5050 είς
1472 4987 1818 5054 καταστάτη-

217 5099 336 5156 [ea
366 5097 378 5112 '
412 5081 505 5135 καί
534 5079 741 5147 ἀνήσω
779 5079 884 5132 τὸν
934 5077 1256 5147 ἀμπελῶνά
1293 5096 1432 5146 μου,
1461 5077 1562 5132 καὶ
1606 5081 1677 5132 οὐ
1724 5085 1809 5148 μὴ

228 5173 468 5243 τμηθῇ,
518 5173 659 5228 οὐδὲ
714 5172 796 5240 μὴ
855 5169 1062 5237 σκαρῇ
1094 5186 1106 5200 ’
1143 5169 1242 5223 καὶ
1303 5171 1668 5238 ἀναϐήσεται
1724 5175 1812 5234 εἰς

226 5264 442 5320 αὑτὸν
466 5263 546 5328 ὡς
574 5264 656 5328 εις
684 5261 906 5330 χέρσον
945 5260 1204 5322 ἄκανθα,
1236 5261 1331 5312 καὶ
1377 5260 1504 5326 ταῖς
1534 5261 1814 5330 νεφέλαις

228 5353 608 5422 ἐντελοῦμαι
633 5353 738 5407 τοῦ
762 5352 847 5421 μὴ
872 5349 1085 5418 βρέξαι
1105 5352 1189 5415 εὶς
1218 5350 1425 5404 αὐτόν.

328 5510 370 5542 ⁸¹
400 5507 501 5565 lsa.
535 5525 588 5573 v,
619 5507 672 5572 5,
701 5504 750 5558 6.

331 5644 551 5719 (x)')‘5_;f
587 5642 820 5719 éavrof)“
836 5640 1239 5719 ζημιοεξμενος.
1279 5637 1440 5719 "ipse
1473 5635 1576 5718 sibi
1623 5645 1816 5716 auctor

235 5705 547 5778 amittendi
572 5713 762 5768 salutis
793 5705 952 5764 finem
980 5709 1171 5778 (lleum
1215 5705 1445 5778 scilicet)
1477 5707 1703 5775 ejusque
1736 5706 1816 5774 ja-

239 5777 452 5848 durae.
482 5783 637 5852 Quod
653 5783 731 5838 sic
755 5777 1190 5846 clarum,Picus,
1215 5777 1338 5844 hoc,
1369 5785 1421 5830 et
1450 5791 1564 5845 seq.
1605 5791 1751 5846 cap.,
1783 5792 1812 5830 a

1906 3265 2018 3308 tum
2069 3257 2216 3324 quod
2262 3256 2330 3309 ad
2375 3256 2671 3318 actionem,
2711 3266 2825 3308 tum
2853 3255 2998 3324 quod
3033 3255 3101 3308 ad
3136 3255 3474 3323 contempla-

1906 3348 2111 3401 tionem
2159 3347 2402 3401 aItinet:
2453 3363 2565 3416 quo
2595 3347 2832 3410 scilicet,
2869 3347 3140 3400 naturalis
3173 3359 3284 3399 suae
3323 3342 3476 3397 inﬁr-

1903 3438 2114 3493 mitatis
2153 3454 2315 3493 sensu
2369 3447 2652 3507 percepto,
2681 3453 2740 3492 se
2779 3446 3177 3508 protegentem,
3225 3438 3474 3506 bonaque

1905 3531 2085 3584 omnia
2124 3539 2492 3599 praestantem,
2525 3530 2768 3584 divinam
2799 3530 3098 3599 potentiam
3133 3530 3473 3599 gratiamque

1905 3629 2185 3691 agnoscat,
2212 3629 2268 3674 et
2288 3621 2646 3685 liumilietur;
2683 3636 2747 3674 ac
2776 3621 2968 3689 procul
2993 3621 3218 3674 omnino
3239 3621 3473 3674 alienam

1907 3723 2069 3782 atque
2098 3729 2128 3767 a
2147 3721 2358 3767 natura:
2383 3713 2700 3766 rationibus
2723 3712 3140 3777 abhorrentem,
3174 3711 3474 3766 celsitatem

1907 3804 2164 3873 abjiciat;
2213 3818 2284 3857 ne
2324 3803 2428 3856 alia
2463 3803 2543 3856 ira
2591 3803 2669 3856 illi
2712 3801 3088 3871 superveniat,
3125 3817 3230 3870 qua
3267 3801 3476 3855 scilicet

1909 3895 2185 3948 concessis
2211 3894 2372 3948 donis
2403 3893 2599 3947 ablatis
2641 3893 2986 3956 humiliatus,
3029 3891 3085 3945 in
3121 3891 3300 3960 ipsius
3333 3891 3474 3944 bona

1910 3985 2208 4053 praebentis
2245 3999 2466 4038 sensum
2491 3984 2696 4037 veniat.

1985 4163 2070 4215 l7.
2097 4161 2200 4228 Qui
2235 4161 2414 4230 primo
2455 4162 2550 4215 ira:
2587 4175 2788 4230 genere
2824 4159 2902 4228 (id
2943 4166 3049 4220 est,
3082 4155 3477 4224 derelictionis)

1915 4253 2139 4305 minime
2185 4251 2512 4305 emendatus
2567 4257 2671 4312 est,
2729 4256 2790 4302 ut
2849 4247 3090 4315 seipsum
3142 4245 3477 4308 humiliaret,

1915 4345 2237 4398 existimans
2263 4343 2449 4412 probae
2481 4339 2836 4411 gralitudinis
2858 4353 2977 4391 eam
2997 4338 3311 4406 magistram
3337 4351 3479 4404 esse,

1918 4443 2145 4494 alteram
2183 4439 2344 4507 plane
2371 4436 2426 4489 in
2459 4450 2517 4487 se
2556 4433 2870 4486 venientem
2918 4430 3052 4483 iram
3084 4428 3339 4497 excipiet,
3381 4428 3477 4481 do‘

1921 4547 2114 4584 norum
2145 4530 2254 4582 vim
2279 4537 2574 4594 actumque
2603 4523 2966 4584 auferentem,
2993 4521 3371 4586 liactenusque
3397 4527 3452 4572 tu
3477 4548 3486 4557 -

1921 4633 2034 4676 tum
2079 4635 2203 4673 eum
2240 4627 2532 4688 praestante
2573 4613 2818 4682 potentia
2852 4622 3014 4681 atque
3047 4610 3267 4672 virtute,
3305 4608 3483 4677 ipsum

1919 4713 2311 4769 denudantem.
2335 4709 2591 4776 Aufer-am
2610 4705 2780 4768 enim,
2799 4703 2976 4771 inquit
2997 4703 3160 4763 Deus,
3179 4699 3246 4753 de
3271 4698 3482 4767 ingrato

1922 4805 2120 4859 lsraele
2157 4804 2411 4870 loquens,
2439 4814 2613 4868 sepem
2643 4797 2775 4859 eius,
2814 4802 2862 4846 et
2894 4795 2990 4846 erit
3018 4793 3072 4844 in
3102 4791 3444 4859 direptionem
3465 4806 3482 4840 .-

1923 4898 2234 4961 dii-uanique
2255 4893 2539 4944 maceriam
2565 4889 2699 4959 ejus,
2733 4896 2780 4939 et
2804 4887 2901 4938 erit
2931 4887 2995 4938 in
3021 4883 3482 4937 conculcationem:

1930 4989 1993 5041 Et
2023 4984 2318 5051 relinquam
2350 4982 2558 5034 vineam
2597 4991 2790 5036 meam,
2815 4983 2860 5026 ει
2892 4991 2994 5026 non
3029 4971 3300 5042 putabitur
3323 4984 3488 5038 neque

1921 5079 2151 5150 fodietur
2175 5089 2190 5126 :
2214 5082 2262 5124 et
2291 5068 2531 5123 ascendet
2560 5068 2613 5118 in
2641 5080 2780 5125 eam,
2803 5070 2860 5114 ut
2897 5062 2951 5113 in
2982 5071 3178 5112 terram
3203 5057 3486 5118 desertam,

1919 5145 2112 5239 spina;
2139 5175 2186 5219 et
2215 5162 2434 5218 nubibus
2458 5155 2716 5213 mandabo
2738 5171 2800 5208 ne
2817 5153 3003 5224 pluant
3023 5165 3182 5220 super
3207 5165 3323 5202 eam
3348 5145 3414 5199 ⁶¹ι

1925 5649 2090 5701 seipse
2148 5623 2664 5701 aﬂlcienainjuria,
2721 5619 3071 5680 contumelia;
3131 5611 3278 5684 quod
3322 5612 3486 5669 ulmis

1925 5696 2168 5758 crassum
2200 5714 2264 5753 ac
2286 5696 2546 5766 supinum
2578 5699 2680 5746 est.
