4192 6436
200 395 335 458 12139

191 505 294 572 τὴν
319 502 663 573 φρουροῦσαν
693 501 790 571 τὴν
819 500 998 571 ψυχὴν
1033 500 1216 569 χάριν,
1236 498 1332 550 καὶ
1358 495 1565 566 ἔρημον
1600 511 1772 548 κατα·
1803 498 1843 552 Α

190 593 569 663 λιμπάνουσαν
601 591 692 645 τὸν
721 591 1012 662 ἀγνώμονα
1038 589 1184 644 νοῦν.

263 774 373 835 κγ’.
415 767 884 837 Ὀργὴισωτήριός
905 769 1074 829 ἐστιν,
1109 767 1142 834 ἡ
1176 766 1311 835 πρὸς
1327 765 1398 834 τὸ,
1419 761 1772 833 πολεμεῖσθαι

191 859 284 912 τον
344 859 696 930 ὑψηλοφρονα
743 859 866 911 νοῦν
909 862 1023 921 τοῖς
1057 858 1286 911 πάθεσιν
1319 857 1422 909 ὑπὸ
1446 855 1557 907 τῶν
1589 855 1774 924 δαιμό-

191 967 322 1011 νων,
361 950 479 1003 θεία
507 951 852 1021 συγχώρησις
883 968 896 981 ’
935 951 1020 1003 ἵνα
1041 950 1153 1020 γνῷ
1177 950 1400 1017 πάσχων
1424 947 1655 1015 ἀτίμως,
1684 945 1772 998 ἐπ’

191 1042 421 1109 ἀρεταῖς
479 1028 1014 1110 μεγαλαυχούμενος,
1049 1039 1133 1100 τίς
1181 1038 1209 1089 ὁ
1258 1035 1463 1088 τούτων
1535 1034 1770 1106 ὑπάρχει

189 1128 361 1197 δοτὴρ
386 1146 398 1158 ’
438 1130 470 1199 ἢ
510 1131 734 1200 γένηται
767 1130 874 1182 τῶν
917 1129 1219 1199 ἀλλοτρίων
1256 1126 1484 1197 γυμνὸς,
1509 1128 1651 1199 ἆπερ
1699 1126 1773 1188 ὡς

195 1220 275 1291 μὴ
305 1220 508 1285 λαϐὼν,
537 1221 681 1292 ἔχειν
706 1221 948 1291 ἐνόμιζε.

271 1399 368 1450 κδ’.
405 1401 691 1470 Μακάριος
745 1399 914 1462 ὅντως
956 1401 1160 1461 ἐκεῖνος
1187 1400 1214 1450 ὁ
1240 1398 1383 1460 νοῦς,
1413 1401 1438 1449 ὁ
1467 1399 1579 1457 τοῖς
1624 1393 1774 1448 οὖσιν

195 1488 405 1542 ἅπασιν
449 1490 746 1553 ἐπαινετῶς
806 1489 1093 1544 ἀποθανών
1126 1507 1139 1520 ·
1172 1493 1284 1552 τοῖς
1318 1489 1418 1558 μὲν
1472 1488 1772 1556 αἰσθητοῖς,

192 1582 263 1648 τῇ
292 1580 551 1632 ἀποθέσει
600 1581 695 1649 τῆς
731 1581 848 1632 κατ’
881 1579 1134 1647 αἴσθησιν
1178 1579 1456 1649 ἐνεργείας
1489 1595 1502 1606 ·
1554 1579 1667 1638 τοῖς
1720 1575 1774 1627 δὲ

195 1674 440 1739 νοητοῖς,
472 1673 536 1740 τῇ
586 1671 689 1739 τῆς
734 1671 928 1739 νοερᾶς
977 1669 1288 1722 ἀποπαύσει
1347 1670 1634 1735 κινήσεως.
1667 1667 1771 1734 Ση-

197 1761 438 1829 μείωσαι
468 1761 524 1811 δὲ
559 1761 640 1812 ὅτι
671 1758 760 1812 νοῦ
790 1758 1020 1812 θάνατον
1051 1757 1439 1826 ἐπαινούμενον
1470 1756 1651 1823 λέγει,
1675 1754 1774 1822 τὴν

196 1856 341 1924 πρὸς
376 1856 554 1906 πάντα
584 1855 652 1905 τὰ
676 1853 806 1906 ὄντα
847 1851 1134 1920 γνωμικὴν
1169 1850 1492 1917 ἀπογένεσιν
1528 1850 1626 1918 (y),
1659 1845 1776 1915 μεθ’
1811 1840 1848 1891 Β

193 1947 264 2016 ἣν
298 1945 395 2014 τὴν
418 1943 538 2015 θείᾳ
562 1946 743 2015 χάριτι
779 1944 924 2013 ζωὴν
962 1941 1315 2010 ὑποδέχεσθαι
1349 1941 1588 2009 πέφυκεν
1612 1956 1624 1970 ⁸
1654 1938 1775 1992 ἀντὶ

193 2037 313 2089 τῶν
361 2036 549 2100 ὄντων,
579 2037 640 2089 τδ
683 2037 855 2090 αἴτιον
904 2033 1012 2088 τῶν
1052 2034 1222 2088 ὄντων
1275 2033 1607 2103 ἁνεννοήτως
1635 2031 1770 2084 ἀπο-

196 2125 403 2178 λαϐών.

274 2320 374 2354 κε.
405 2305 691 2374 Μακάριος
724 2307 750 2356 ὁ
805 2304 1045 2372 συνάψας
1100 2303 1158 2355 τὸ
1202 2304 1298 2371 μὲν
1341 2301 1644 2371 πρακτικὸν
1699 2299 1775 2367 τῷ

197 2394 350 2446 κατὰ
408 2394 571 2462 φύσιν
619 2395 811 2464 ἀγαθῷ
849 2413 861 2425 ·
898 2395 960 2448 τὸ
1014 2395 1068 2446 δὲ
1121 2393 1476 2463 θεωρητικὸν,
1511 2395 1575 2461 τῇ
1637 2390 1776 2442 κατὰ

196 2481 370 2551 φύσιν
409 2483 656 2552 ἀληθείᾳ..
699 2484 1010 2552 ιιᾶσαγάρ
1062 2480 1280 2552 πρᾶξις,
1312 2480 1400 2532 διὰ
1453 2479 1514 2530 τὸ
1570 2476 1775 2543 ἀγαθὸν

198 2576 451 2639 γίνεσθαι
489 2575 699 2641 πέφυκε
729 2593 741 2605 ’
772 2576 865 2628 καὶ
899 2577 1048 2630 πᾶσα
1079 2573 1297 2639 θεωρία,
1322 2572 1421 2641 τὴν
1461 2570 1662 2639 γνῶσιν
1690 2569 1776 2621 διὰ

204 2666 377 2734 μόνην
408 2667 560 2736 ζητεῖ
590 2668 686 2736 τὴν
718 2667 978 2735 ἀλήθειαν
1013 2682 1026 2694 ⁸
1061 2658 1134 2718 ὦν
1171 2664 1564 2716 διανυσθέντων
1584 2704 1598 2728 ,
1624 2663 1778 2715 οὐδὲν

200 2757 360 2809 ἔσται
399 2758 682 2810 τοσύνολον
722 2757 782 2810 τὸ
811 2758 1046 2826 πλῆττον
1081 2757 1177 2825 τῆς
1215 2756 1394 2825 ψυχῆς
1429 2756 1489 2807 τὸ
1538 2771 1772 2826 πρακτι-

200 2849 325 2912 κὸν,
360 2848 483 2900 οὔτε
516 2849 618 2919 μὴν
646 2850 708 2902 τὸ
743 2848 1081 2918 θεωρητικὸν
1115 2850 1308 2915 αὐτῆς,
1334 2846 1420 2900 διὰ
1461 2846 1625 2910 ξένων
1659 2846 1778 2914 δρι-

204 2938 412 3008 μύττον
461 2939 835 3009 θεωρημάτων
872 2957 884 2968 ·
929 2941 1131 3004 παντὸς
1176 2940 1429 2992 ἐπέκεινα
1483 2938 1780 3006 γενομένης

203 3029 307 3082 καὶ
337 3030 510 3094 ὄντος,
550 3030 644 3085 καὶ
673 3031 992 3103 νοουμένου,
1029 3033 1125 3084 καὶ
1163 3033 1244 3094 εἰς
1269 3030 1431 3083 αὑτὸν
1453 3029 1781 3097 εἰσδυσάσης

201 3119 302 3218 τὸν
331 3121 471 3218 Θεὸν
498 3123 588 3218 τον
621 3125 780 3218 μόνον
809 3125 1012 3190 ἀγαθὸν
1053 3125 1148 3178 καὶ
1183 3123 1458 3193 ἀληθινὸν,
1491 3122 1585 3175 καὶ
1642 3121 1780 3194 ὑπὲρ
1811 3165 1848 3218 C

208 3215 395 3266 πᾶσαν
422 3215 610 3267 οὐσίαν
644 3217 772 3269 ὄντα
801 3218 895 3269 καὶ
927 3219 1132 3287 νόησιν.
1811 3200 1850 3222 Η

287 3487 401 3544 κε’.
431 3482 746 3551 Πρακτικῆς
781 3484 880 3536 ἀρε
897 3484 980 3551 τῆς
1032 3480 1185 3546 τέλος
1212 3480 1352 3536 εἷναί
1385 3501 1515 3551 φασι
1555 3484 1614 3535 τὸ
1653 3485 1787 3549 ἀγα-

209 3573 333 3625 θόν.
361 3571 530 3625 Τοῦτο
557 3573 634 3638 δὲ,
669 3574 817 3636 θείας
855 3574 1138 3643 ἐνεργείας
1182 3575 1415 3645 ὑπάρχει
1459 3575 1788 3644 συμπλήρω-

211 3681 327 3725 σις,
360 3665 494 3734 πρὸς
535 3664 602 3732 ἣν
642 3665 764 3732 ἄγει
805 3665 866 3716 τὸ
909 3665 1124 3731 λογικὸν
1158 3665 1257 3732 τῆς
1300 3666 1496 3734 ψυχῆς,
1527 3665 1603 3734 τῷ
1634 3665 1788 3735 θυμῷ

211 3755 317 3807 καὶ
378 3756 442 3823 τῇ
508 3754 773 3825 ἐπιθυμίᾳ
838 3756 1118 3826 χρώμενον
1181 3755 1324 3808 κατὰ
1378 3756 1583 3824 φύσιν·
1640 3759 1695 3808 ὲν

210 3847 277 3898 τδ
307 3845 425 3897 καθ’
459 3845 716 3914 ὁμοίωσιν
751 3846 1142 3914 ἀναφαίνεσθαι
1189 3847 1400 3915 πέφυκε
1434 3848 1634 3909 καλλος
1663 3848 1733 3916 (z)
1773 3865 1784 3878 ·

209 3938 562 4007 θεωρητικῆς
615 3937 670 3988 δέ
733 3955 864 4005 φασι
923 3937 1239 4005 φιλοσοφίας
1286 3935 1423 3990 εἶναι
1485 3938 1580 4008 τὴν
1651 3940 1787 4008 ἀλή-

212 4032 374 4081 θειαν
400 4071 412 4091 ,
443 4031 594 4090 τέλος
628 4045 642 4059 ’
680 4030 801 4099 ἥτις
830 4031 1053 4099 ἀμερῶς
1082 4031 1189 4082 τῶν
1227 4031 1354 4099 περὶ
1373 4031 1504 4081 Θεὸν
1535 4031 1790 4083 ἁπάντων

209 4122 461 4190 ἐνοειδής
490 4125 605 4175 ἐστι
640 4124 862 4190 γνῶσις,
893 4121 1029 4191 πρὸς
1077 4122 1144 4190 ἣν
1192 4123 1220 4174 ὁ
1267 4123 1506 4191 καθαρὸς
1567 4123 1792 4192 φέρεται

207 4210 366 4272 νοῦς·
398 4212 708 4274 ἀποσϐέσας
741 4211 935 4264 ἑαυτοῦ
964 4211 1242 4274 παντελῶς
1268 4215 1366 4282 τὴν
1391 4215 1509 4265 κατ’
1542 4213 1793 4283 αἴσθησιν

210 4303 405 4372 κρίσιν
439 4321 451 4333 ο
483 4298 600 4374 ἐ.νῇ
655 4302 874 4372 (γνώσει
930 4304 1193 4374 δηλονότι)
1242 4303 1526 4373 ἁκίόὀηλον
1580 4305 1641 4358 τὸ
1697 4307 1795 4374 τῆς

211 4394 376 4457 Θείας
407 4396 614 4457 εἰκόνος
644 4395 858 4465 ἀξίωμα
879 4396 1172 4448 δείκνυται.

1829 4493 1866 4545 ι)

297 4563 400 4628 κζ’.
434 4569 448 4583 ⁶
487 4565 675 4626 Οὐδεὶς
701 4565 920 4617 δύναται
958 4565 1049 4616 τὸν
1089 4565 1222 4617 Θεὸν
1259 4564 1500 4631 εὐλογεῖν
1551 4565 1785 4635 ἀληθῶς,

311 4701 431 4756 'Cf.
462 4703 526 4756 ad
561 4703 803 4757 Thalass.
835 4719 889 4772 q.
925 4705 1012 4758 44.

302 4825 380 4895 (y)
419 4826 537 4891 Τὴν
573 4825 718 4889 πρὸς
755 4825 951 4877 πάντα
989 4828 1057 4879 τὰ
1095 4827 1236 4879 ὄντα
1295 4828 1598 4894 γνωμικὶιν
1649 4832 1794 4882 ἁπο-

205 4897 489 4965 γένεων.
546 4896 634 4950 Uti
660 4897 868 4961 γένεσις
898 4905 1094 4948 natura
1129 4904 1244 4958 est;
1282 4898 1613 4961 οῐγίνεσθαι,
1640 4901 1789 4959 oriri.

207 4971 280 5021 in
317 4981 494 5016 rerum
538 4975 787 5016 naturam
815 4965 1066 5033 produci;
1119 4966 1197 5017 sic
1235 4967 1572 5031 ἀπογένεσις,
1609 4969 1794 5021 desilio

209 5044 390 5104 atque
423 5034 660 5088 nihilum.
683 5033 840 5104 ill-lens
860 5049 990 5102 ergo
1014 5034 1359 5088 laudabiliter
1390 5037 1640 5095 moritur,
1668 5055 1790 5090 cum

207 5103 313 5160 sic
351 5105 601 5175 seltabet
630 5103 695 5156 ad
726 5119 810 5175 res
840 5103 993 5166 alias,
1053 5121 1113 5158 ac
1163 5105 1206 5158 si
1259 5121 1325 5157 ne
1356 5115 1499 5157 esset
1537 5107 1792 5175 quidem;

207 5173 380 5243 quod
415 5174 520 5226 illis
548 5174 840 5241 superatis,
895 5176 987 5227 uni
1010 5175 1120 5228 Deo
1169 5183 1223 5228 et
1251 5175 1462 5227 auctori
1519 5173 1630 5229 tota
1689 5178 1794 5229 im-

206 5243 632 5316 penditur.Non
661 5243 790 5295 satis
824 5245 1004 5307 Picus,
1038 5253 1384 5312 spontaneum
1411 5247 1642 5316 ancilium
1683 5263 1799 5315 quo:

205 5314 360 5370 bunt
398 5314 747 5381 ptivationem
770 5330 786 5377 ;
813 5328 931 5381 quze
963 5323 1111 5367 esset
1136 5314 1474 5382 paupertatis
1526 5314 1796 5377 delinitio,

211 5399 351 5440 non
411 5383 747 5453 excellentim
811 5386 929 5453 ejus
980 5393 1153 5437 status
1188 5424 1202 5446 ,
1283 5398 1444 5451 quem
1532 5385 1808 5438 Maximus

207 5451 477 5574 igtendit
505 5451 1101 5522 1cscribere.’llesycb.
1154 5454 1566 5520 ἀπογενόμενοι,
1596 5453 1807 5506 ἀποθα-

207 5545 252 5574 ν
297 5538 435 5574 ντες.

205 5538 435 5583 νοντες.

309 5591 378 5659 (z)
397 5592 497 5644 Ἐν
562 5590 625 5644 τὸ
643 5593 772 5645 καθ’
791 5591 1073 5659 ὁμοίωσιν
1088 5593 1518 5661 ἀναφαίνεσθαι
1540 5592 1810 5660 πέφυκεν

205 5659 482 5725 κάλλος.
517 5659 593 5714 ίιη
631 5678 733 5730 quo
785 5662 1161 5730 complementa
1209 5659 1404 5716 divina:
1463 5659 1804 5731 operationis,

204 5732 401 5791 elucet
437 5731 799 5786 similitudinis
829 5733 1020 5786 decor:
1060 5732 1111 5787 id
1145 5733 1290 5801 quod
1333 5733 1510 5787 estad
1553 5731 1804 5786 similitu-

862 392 1195 453 CAPITUM
1230 387 1650 460 QUINQUIES
1688 386 2204 446 CEN'I‘ENURUM
2244 388 2630 447 CENTURIA
2674 389 2788 446 lli.

1875 511 2068 564 nempe
2097 495 2325 564 gratiam
2353 495 2588 549 animam
2623 495 2958 549 munientem
2993 491 3224 554 auferat,
3261 493 3439 562 ingra-

1875 595 2093 654 tumque
2121 597 2359 641 mentem
2393 595 2556 654 atque
2597 586 2904 656 improbam
2942 599 3168 638 vacuam
3205 583 3440 637 derelin-

1873 686 2025 745 quaL

1941 767 2028 821 25.
2061 768 2143 820 Ira
2159 769 2414 822 salutaris
2439 778 2541 832 est,
2568 769 2754 822 divina
2775 768 3064 838 permissio
3091 763 3444 834 impugnandi

1874 858 2110 911 animam
2145 859 2254 911 alta
2302 859 2599 927 sapientem
2644 860 2948 914 daemonum
2979 872 3165 927 opera,
3197 856 3290 923 qui
3327 854 3448 906 lilei-

1874 950 2032 1005 dines
2065 959 2230 1020 atque
2278 951 2510 1005 allectus
2561 952 2932 1013 succendant;
2965 960 3025 1004 ut
3056 950 3182 1002 dun.
3215 951 3448 1014 turpiter

1874 1058 1936 1096 ac
1971 1043 2327 1112 ignominiose
2358 1043 2610 1106 allicitnr,
2656 1044 2749 1113 qui
2789 1044 3048 1096 virtutum
3082 1041 3300 1094 nemini-
3332 1047 3445 1101 elo-

1877 1134 2144 1197 riabatur,
2173 1136 2391 1188 noverit
2431 1137 2557 1204 quis
2603 1136 2817 1188 iilaruln
2861 1136 2928 1187 si:
2959 1135 3146 1186 dator'
3180 1157 3223 1183 ..ι
3254 1142 3268 1184 :
3301 1147 3358 1182 cc
3398 1140 3446 1183 te

1877 1225 2072 1278 alienis
2107 1226 2367 1290 nudetur,
2397 1243 2521 1295 qua:
2557 1226 2636 1279 sic
2671 1227 2870 1278 bal-ere
2913 1225 3274 1280 omnisnatat.
3303 1239 3362 1274 ar
3403 1225 3444 1275 si

1877 1334 1984 1371 non
2025 1320 2350 1386 accepisset.

1944 1408 2032 1460 ‘24.
2063 1407 2261 1461 Beatus
2286 1424 2476 1460 revera
2507 1409 2596 1461 ille
2631 1422 2866 1468 animus,
2903 1407 2993 1474 qui
3021 1405 3235 1458 cunctis
3259 1404 3446 1457 lauda-

1878 1497 2062 1550 hiliter
2109 1497 2275 1549 rebus
2309 1512 2561 1551 mortuus
2603 1507 2722 1561 est,
2776 1497 2843 1550 iis
2883 1496 3107 1564 quidem
3137 1509 3258 1561 qtae
3286 1508 3446 1545 sensu

1877 1586 2274 1654 percipiuntur,
2299 1587 2510 1655 objecta
2551 1587 2820 1641 sentiendi
2849 1585 3200 1653 operatione;
3231 1583 3298 1636 iis
3319 1599 3451 1634 vero

1876 1693 1997 1746 qua:
2051 1689 2252 1744 mente,
2305 1680 2614 1733 cessatione
2664 1679 2731 1732 ab
2786 1677 3122 1747 intelligendi
3176 1684 3324 1729 motu
3391 1690 3453 1728 ac

1879 1770 2176 1825 iunctione.
2204 1771 2511 1824 Notandum
2541 1787 2672 1826 vero
2733 1770 3065 1824 laudabilem
3103 1768 3270 1821 animi
3311 1782 3454 1819 mor-

1868 1872 1989 1915 tem
2037 1863 2336 1931 appellare,
2382 1879 2505 1931 qua:
2548 1865 2828 1917 voluntate
2862 1861 3138 1929 animique
3183 1859 3451 1934 sententia

1878 1961 1983 2015 εει,
2021 1967 2151 2021 erga
2184 1967 2273 2006 res
2297 1967 2488 2006 omnes
2508 1952 2665 2021 quasi
2695 1951 2977 2005 decessum
3002 1965 3063 2003 ae
3088 1932 3462 2008 desilio-nonid;
3490 1951 3491 1954 ‘

1879 2051 2190 2111 postquam,
2239 2059 2361 2111 qua:
2419 2059 2517 2113 per
2564 2043 2796 2112 gratiam
2855 2050 2961 2104 est,
3033 2039 3200 2092 vitam
3289 2038 3456 2092 habet

1881 2135 2190 2202 suscipere;
2219 2148 2403 2188 rerum
2440 2135 2580 2197 loco,
2618 2134 2796 2202 ipsum
2829 2145 3012 2184 rerum
3045 2129 3339 2183 Auctorem
3368 2143 3453 2181 re-

1881 2222 2122 2289 cipiens,
2143 2238 2252 2289 qua
2278 2236 2441 2275 nemo
2464 2222 2732 2291 intelligat
2759 2222 2990 2274 ratione.

1948 2312 2036 2366 ‘25.
2080 2312 2278 2365 Beatus
2313 2311 2408 2381 qui
2446 2310 2640 2380 agendi
2680 2311 2790 2363 vim
2824 2308 3058 2364 naturali
3099 2308 3245 2361 bono
3282 2321 3451 2373 copu-

1881 2403 2042 2468 lavit;
2076 2403 2290 2472 vimque
2342 2402 2772 2471 contemplandi,
2825 2400 3060 2455 naturali
3107 2399 3326 2451 veritati
3361 2397 3456 2449 atl-

1880 2489 2037 2544 dixit.
2079 2489 2262 2543 Onniis
2306 2490 2454 2542 enim
2499 2490 2662 2554 actio,
2714 2489 2839 2541 boni
2886 2501 3050 2540 causa
3100 2484 3214 2537 ﬁeri
3257 2483 3452 2547 habet,

1881 2581 2173 2648 omnisque
2231 2580 2620 2648 contemplatio
2671 2595 2766 2632 seu
2828 2578 3150 2647 speculatio,
3208 2575 3457 2628 veritatis

1887 2672 2061 2724 solum
2105 2670 2276 2740 gratia
2316 2670 2599 2724 scientiam
2643 2670 2842 2738 quaerit
2879 2687 2891 2722 :
2943 2667 3146 2737 quibus
3194 2665 3459 2720 absolutis

1883 2773 2044 2832 atque
2081 2765 2339 2832 peractis,
2371 2763 2503 2816 nihil
2539 2777 2762 2831 prorsus
2786 2762 2912 2824 erit,
2946 2759 3094 2829 quod
3119 2757 3314 2829 agendi
3348 2756 3456 2808 vim

1883 2853 2049 2906 animi
2085 2853 2265 2921 pulset
2298 2863 2395 2905 aut
2437 2851 2679 2906 offendat
2706 2892 2720 2914 ,
2757 2851 3003 2919 nihilque
3037 2848 3182 2917 quod
3215 2844 3457 2915 peregri-

1882 2947 1968 3000 nis
1995 2946 2379 3013 extraneisqne
2424 2960 2487 2998 ac
2529 2944 2686 2997 novis
2728 2941 3155 2996 considerationi
3201 2937 3456 3007 objectis,

1882 3037 2126 3107 ejusdem
2158 3034 2565 3104 contemplandi
2603 3035 2710 3086 vim
2756 3033 3003 3086 mordeat
3035 3048 3099 3084 ae
3123 3040 3413 3097 exasperet
3441 3045 3454 3078 :

1884 3145 2008 3182 cum
2041 3128 2322 3191 nimirum,
2350 3133 2610 3196 superato
2638 3125 2908 3195 quidquid
2943 3133 3028 3177 est
3054 3139 3117 3176 ac
3158 3122 3454 3190 cogitatur,

1889 3220 1940 3271 in
1968 3220 2142 3286 ipsum
2176 3219 2368 3280 Deum,
2406 3217 2499 3284 qui
2529 3217 2679 3270 solus
2712 3216 2889 3268 bonus
2922 3227 3191 3281 verosque
3217 3218 3321 3264 est.
3345 3224 3450 3261 om-

1887 3308 2052 3374 nique
2115 3305 2352 3358 essentia
2420 3314 2476 3358 et
2536 3305 2818 3358 intellectu
2880 3303 3155 3372 superior,
3233 3303 3452 3352 inunca-

1889 3397 2051 3450 verit.

1956 3491 2042 3541 'l‘o'.
2072 3490 2220 3557 l'ljus,
2247 3505 2367 3556 qme
2396 3489 2448 3539 in
2485 3487 2705 3540 actione
2738 3497 3010 3547 versatur,
3031 3483 3252 3536 virtutis
3277 3481 3459 3536 linem.

1892 3580 2094 3631 bonum
2133 3593 2253 3632 esse
2283 3579 2457 3631 aiunt.
2490 3578 2605 3632 lloc
2634 3587 2839 3637 autem,
2883 3575 3083 3628 divinae
3124 3572 3460 3642 operationis

1891 3671 2352 3738 rmimlementum
2385 3670 2630 3732 exsistit;
2663 3669 2728 3722 ad
2756 3668 2902 3737 quod
2944 3667 3173 3720 facultas
3211 3664 3460 3726 rationis,

1893 3762 1971 3814 ira
2019 3771 2176 3815 utens
2225 3775 2290 3814 ac
2336 3761 2636 3829 cupiditate
2679 3769 2738 3812 ut
2784 3769 2991 3812 natura:
3040 3767 3461 3811 consentaneum

1892 3863 1994 3910 est.
2023 3851 2208 3915 ducit;
2241 3851 2295 3904 in
2326 3866 2502 3920 eoque
2525 3854 2642 3921 ejus
2661 3851 2806 3919 quod
2832 3849 3000 3903 estad
3026 3848 3436 3903 similitudinem

1894 3943 2248 4013 pulchritudo
2282 3944 2464 3995 elucet
2496 3961 2506 3994 :
2545 3943 2820 3995 studentis
2848 3956 2980 3993 vero
3010 3940 3460 4006 contemplations

1896 4039 2255 4107 philoSOpliia:
2291 4039 2475 4099 tinem,
2505 4036 2793 4089 veritatem
2824 4050 2943 4088 esse
2969 4033 3190 4095 dicunt;
3220 4031 3460 4082 omnium

1896 4127 2104 4179 "scilicet
2135 4126 2365 4179 indivise
2385 4125 2528 4177 circa
2550 4124 2718 4176 Deum
2739 4121 3116 4175 exsistcntium
3141 4118 3462 4172 unil‘ormem

1897 4217 2204 4280 scientiam,
2237 4215 2398 4284 564
2427 4214 2492 4266 ad
2537 4227 2699 4281 quam
2747 4225 2901 4263 mens
2941 4224 3077 4277 pura
3112 4207 3310 4260 fertur:
3353 4216 3461 4257 tum

1899 4308 2177 4369 iziinirum,
2203 4320 2326 4357 cum
2345 4318 2540 4358 sensus
2559 4302 2829 4372 judicium
2865 4316 2893 4353 a
2919 4315 2975 4353 se
3004 4313 3229 4367 prorsus
3257 4295 3460 4349 exstin-

1902 4399 2036 4450 xerit
2065 4416 2074 4450 τ
2116 4398 2168 4448 in
2204 4412 2308 4463 qua
2335 4396 2546 4465 (utique
2579 4394 2828 4462 scientia)
2861 4393 3074 4445 sincera
3104 4389 3302 4442 divinae
3333 4388 3459 4440 ima-

1904 4490 2043 4557 ginis
2071 4488 2308 4555 dignitas
2340 4502 2457 4538 sese
2486 4483 2770 4553 magniﬁce
2803 4482 3002 4552 prodit.

1967 4579 2052 4630 07'.
2107 4578 2276 4629 Deum
2327 4591 2487 4628 nemo
2535 4590 2660 4628 vere
2709 4572 3034 4626 benedicere
3086 4580 3282 4640 potest,
3331 4571 3460 4638 quin

1901 4835 2094 4886 «linem.
2120 4836 2303 4901 Itaque
2332 4834 2484 4901 ponit
2510 4831 2773 4901 Maximus
2794 4828 3171 4901 similitudinis
3198 4828 3459 4901 rationeo-

1904 4903 1956 4955 in
1995 4899 2297 4955 imitatione
2325 4899 2524 4954 divinm
2572 4900 2855 4961 bonitatis,
2899 4915 3019 4967 quae
3077 4899 3146 4951 sit
3203 4899 3254 4950 in
3306 4899 3466 4951 nobis

1903 4973 2167 5024 virtutum
2195 4972 2342 5024 cultu
2361 4980 2417 5024 et
2444 4971 2658 5023 actione
2686 4987 2698 5020 :
2727 4969 2979 5033 imaginis
3009 4983 3141 5020 vero
3175 4968 3464 5028 rationem,

1906 5040 1957 5093 in
1996 5041 2394 5110 perfectissima
2425 5041 2514 5092 illa
2539 5039 2785 5110 omnium
2817 5040 2961 5110 circa
2992 5039 3161 5110 Deum
3202 5037 3459 5110 |n_iil’o_r_mi

1904 5105 2154 5172 scientia,
2206 5127 2324 5178 qua:
2376 5109 2657 5176 expressio
2686 5109 2756 5162 sit
2806 5107 3004 5160 divinae
3055 5105 3317 5178 veritatis.
3349 5107 3464 5178 Non

1906 5180 2042 5233 bene
2081 5176 2276 5234 Picus:
2314 5180 2373 5232 In
2414 5196 2528 5248 (pla:
2551 5196 2644 5247 pro
2677 5178 3024 5248 similitudine
3050 5176 3282 5248 relucente
3334 5176 3464 5228 solet

1906 5251 2169 5328 ιιροίιιίαηι
2222 5241 2624 5328 ornamentum:
2659 5248 2813 5328 quasi
2870 5247 2950 5305 τὸ,
3000 5247 3056 5326 εν
3175 5246 3374 5327 referat
3411 5248 3468 5297 τί,

1911 5315 2008 5389 τῆς
2040 5320 2236 5387 φυγῆς,
2273 5335 2378 5372 non
2407 5319 2488 5379 τὸ,
2525 5315 2913 5389 συμπλήρωσις
2953 5317 3062 5389 ⁸τῆς
3089 5315 3260 5389 ’θείας
3317 5316 3469 5389 ἐνερι

1912 5385 2092 5456 γε’ίας.
2129 5389 2432 5456 Utrumque
2463 5403 2590 5441 sane
2619 5395 2675 5440 et
2704 5385 3006 5440 similitudo
3054 5393 3108 5456 et
3146 5385 3343 5456 imago
3367 5425 3379 5438 .
3417 5385 3466 5456 in

1910 5453 2088 5511 anima
2118 5459 2318 5518 elucet,
2347 5453 2458 5510 non
2485 5472 2584 5525 pro
2639 5457 2757 5524 ejus
2797 5455 3104 5525 substantia
3135 5453 3311 5525 (quod
3339 5454 3467 5505 atti-

1910 5537 2004 5580 net
2034 5528 2100 5579 ad
2136 5527 2353 5579 Maximi
2387 5523 2738 5594 hic—scopum
2764 5525 2780 5594 )
2805 5524 2898 5577 sed
2931 5533 3093 5591 prout
3127 5523 3209 5575 vel
3266 5523 3468 5594 virtute

1910 5599 1991 5649 vel
2028 5597 2252 5651 scientia
2284 5598 2468 5664 pollet,
2496 5593 2703 5666 Deique
2726 5593 2779 5649 in
2807 5610 2864 5649 se
2898 5594 3197 5648 bonitatem
3224 5608 3286 5646 ae
3321 5593 3457 5644 νοτί-

1910 5677 2075 5721 tatem
2107 5677 2334 5735 utraque.
2367 5667 2552 5721 rcl'crt.
