  <div class='ocr_page' id='page_1' title='image "/cluster/home/n/w/nwhite01/storage/ocr_20150623/90/nnc1.0046980113/642.png"; bbox 0 0 4192 6436; ppageno 0'>
   <div class='ocr_carea' id='block_1_1' title="bbox 232 405 372 474">
    <p class='ocr_par' dir='ltr' id='par_1_1' title="bbox 232 405 372 474">
     <span class='ocr_line' id='line_1_1' title="bbox 232 405 372 474; baseline 0.007 -1"><span class='ocrx_word' id='word_1_1' title='bbox 232 405 372 474; x_wconf 70' lang='lat'><strong>1273</strong></span> 
     </span>
    </p>
   </div>
   <div class='ocr_carea' id='block_1_2' title="bbox 901 418 2830 493">
    <p class='ocr_par' dir='ltr' id='par_1_2' title="bbox 901 418 2830 493">
     <span class='ocr_line' id='line_1_2' title="bbox 901 418 2830 493; baseline 0.005 -15"><span class='ocrx_word' id='word_1_2' title='bbox 901 418 1236 481; x_wconf 81' lang='lat' dir='ltr'><strong>CAPITUM</strong></span> <span class='ocrx_word' id='word_1_3' title='bbox 1273 419 1696 493; x_wconf 90' lang='lat' dir='ltr'><strong>QUINQUIES</strong></span> <span class='ocrx_word' id='word_1_4' title='bbox 1733 420 2253 486; x_wconf 82' lang='lat' dir='ltr'><strong>CENTENORUM</strong></span> <span class='ocrx_word' id='word_1_5' title='bbox 2289 425 2676 488; x_wconf 74' lang='lat' dir='ltr'><strong>CENTURIA</strong></span> <span class='ocrx_word' id='word_1_6' title='bbox 2715 428 2830 487; x_wconf 81' lang='lat' dir='ltr'><strong>Ili.</strong></span> 
     </span>
    </p>
   </div>
   <div class='ocr_carea' id='block_1_3' title="bbox 3349 424 3490 491">
    <p class='ocr_par' dir='ltr' id='par_1_3' title="bbox 3349 424 3490 491">
     <span class='ocr_line' id='line_1_3' title="bbox 3349 424 3490 491; baseline -0.007 0"><span class='ocrx_word' id='word_1_7' title='bbox 3349 424 3490 491; x_wconf 67' lang='grc'><strong>1274</strong></span> 
     </span>
    </p>
   </div>
   <div class='ocr_carea' id='block_1_4' title="bbox 225 527 1781 608">
    <p class='ocr_par' dir='ltr' id='par_1_4' title="bbox 225 527 1781 603">
     <span class='ocr_line' id='line_1_4' title="bbox 225 527 1781 603; baseline -0.002 -17"><span class='ocrx_word' id='word_1_8' title='bbox 225 533 325 587; x_wconf 79' lang='grc' dir='ltr'>τοῦ</span> <span class='ocrx_word' id='word_1_9' title='bbox 373 527 532 599; x_wconf 78' lang='grc' dir='ltr'>φύσει</span> <span class='ocrx_word' id='word_1_10' title='bbox 555 528 760 598; x_wconf 78' lang='grc' dir='ltr'><strong>ἀγαθοῦ</strong></span> <span class='ocrx_word' id='word_1_11' title='bbox 787 530 897 584; x_wconf 84' lang='grc' dir='ltr'><strong>τῶν</strong></span> <span class='ocrx_word' id='word_1_12' title='bbox 923 533 1260 602; x_wconf 80' lang='grc' dir='ltr'><strong>μετεχόντων</strong></span> <span class='ocrx_word' id='word_1_13' title='bbox 1295 533 1632 596; x_wconf 77' lang='grc' dir='ltr'><strong>ἀδιάπτωτος</strong></span> <span class='ocrx_word' id='word_1_14' title='bbox 1649 532 1781 603; x_wconf 78' lang='grc' dir='ltr'>ἡδονέ</span> 
     </span>
    </p>
   </div>
   <div class='ocr_carea' id='block_1_5' title="bbox 1882 527 3487 608">
    <p class='ocr_par' dir='ltr' id='par_1_5' title="bbox 1882 535 3487 608">
     <span class='ocr_line' id='line_1_5' title="bbox 1882 535 3487 608; baseline 0 -16"><span class='ocrx_word' id='word_1_15' title='bbox 1882 587 1883 592; x_wconf 46' lang='grc' dir='ltr'><strong>η</strong></span> <span class='ocrx_word' id='word_1_16' title='bbox 1913 541 2108 589; x_wconf 88' lang='lat' dir='ltr'><strong>natura</strong></span> <span class='ocrx_word' id='word_1_17' title='bbox 2141 535 2270 590; x_wconf 89' lang='lat' dir='ltr'><strong>boni</strong></span> <span class='ocrx_word' id='word_1_18' title='bbox 2310 539 2775 608; x_wconf 87' lang='lat' dir='ltr'><strong>suntparticipes,</strong></span> <span class='ocrx_word' id='word_1_19' title='bbox 2819 537 2970 591; x_wconf 90' lang='lat' dir='ltr'><strong>firma</strong></span> <span class='ocrx_word' id='word_1_20' title='bbox 2999 552 3064 593; x_wconf 89' lang='lat' dir='ltr'><strong>ac</strong></span> <span class='ocrx_word' id='word_1_21' title='bbox 3097 548 3355 595; x_wconf 88' lang='lat' dir='ltr'><strong>constans</strong></span> <span class='ocrx_word' id='word_1_22' title='bbox 3391 557 3487 593; x_wconf 83' lang='lat' dir='ltr'><strong>vo-</strong></span> 
     </span>
    </p>
   </div>
   <div class='ocr_carea' id='block_1_6' title="bbox 227 621 1804 695">
    <p class='ocr_par' dir='ltr' id='par_1_6' title="bbox 227 621 1804 695">
     <span class='ocr_line' id='line_1_6' title="bbox 227 621 1804 695; baseline 0 -19"><span class='ocrx_word' id='word_1_23' title='bbox 227 624 326 677; x_wconf 72' lang='grc' dir='ltr'>καὶ</span> <span class='ocrx_word' id='word_1_24' title='bbox 359 621 656 693; x_wconf 86' lang='grc' dir='ltr'>ἀδιαίρετος</span> <span class='ocrx_word' id='word_1_25' title='bbox 678 623 890 685; x_wconf 84' lang='grc' dir='ltr'>ἐνωσις.</span> <span class='ocrx_word' id='word_1_26' title='bbox 914 623 1012 676; x_wconf 80' lang='grc' dir='ltr'>Διά</span> <span class='ocrx_word' id='word_1_27' title='bbox 1039 623 1098 677; x_wconf 87' lang='grc' dir='ltr'>δὲ</span> <span class='ocrx_word' id='word_1_28' title='bbox 1128 625 1224 695; x_wconf 84' lang='grc' dir='ltr'>τῆς</span> <span class='ocrx_word' id='word_1_29' title='bbox 1248 625 1526 694; x_wconf 79' lang='grc' dir='ltr'><strong>ἀληθείας,</strong></span> <span class='ocrx_word' id='word_1_30' title='bbox 1553 626 1614 678; x_wconf 84' lang='grc' dir='ltr'>τὸ</span> <span class='ocrx_word' id='word_1_31' title='bbox 1633 625 1804 695; x_wconf 79' lang='grc' dir='ltr'>πέρας</span> 
     </span>
    </p>
   </div>
   <div class='ocr_carea' id='block_1_7' title="bbox 229 712 1804 783">
    <p class='ocr_par' dir='ltr' id='par_1_7' title="bbox 229 712 1804 783">
     <span class='ocr_line' id='line_1_7' title="bbox 229 712 1804 783; baseline 0 -17"><span class='ocrx_word' id='word_1_32' title='bbox 229 720 421 774; x_wconf 81' lang='grc' dir='ltr'><strong>πασῶν</strong></span> <span class='ocrx_word' id='word_1_33' title='bbox 453 715 771 782; x_wconf 86' lang='grc' dir='ltr'>ἐπεσήμανε</span> <span class='ocrx_word' id='word_1_34' title='bbox 806 712 914 765; x_wconf 83' lang='grc' dir='ltr'><strong>τῶν</strong></span> <span class='ocrx_word' id='word_1_35' title='bbox 967 713 1245 782; x_wconf 83' lang='grc' dir='ltr'>γνῶσεων,</span> <span class='ocrx_word' id='word_1_36' title='bbox 1274 715 1368 768; x_wconf 75' lang='grc' dir='ltr'><strong>καὶ</strong></span> <span class='ocrx_word' id='word_1_37' title='bbox 1415 715 1596 768; x_wconf 80' lang='grc' dir='ltr'>αὐτῶν</span> <span class='ocrx_word' id='word_1_38' title='bbox 1643 731 1804 783; x_wconf 83' lang='grc' dir='ltr'>γινω-</span> 
     </span>
    </p>
   </div>
   <div class='ocr_carea' id='block_1_8' title="bbox 227 805 1804 878">
    <p class='ocr_par' dir='ltr' id='par_1_8' title="bbox 227 805 1804 878">
     <span class='ocr_line' id='line_1_8' title="bbox 227 805 1804 878; baseline 0.001 -21"><span class='ocrx_word' id='word_1_39' title='bbox 227 805 511 874; x_wconf 77' lang='grc' dir='ltr'>σκομένων</span> <span class='ocrx_word' id='word_1_40' title='bbox 543 820 557 834; x_wconf 88' lang='grc'><strong>·</strong></span> <span class='ocrx_word' id='word_1_41' title='bbox 595 805 675 868; x_wconf 86' lang='grc' dir='ltr'><strong>είς</strong></span> <span class='ocrx_word' id='word_1_42' title='bbox 706 805 862 876; x_wconf 83' lang='grc' dir='ltr'>ὅπερ,</span> <span class='ocrx_word' id='word_1_43' title='bbox 896 805 969 869; x_wconf 88' lang='grc' dir='ltr'>ὡς</span> <span class='ocrx_word' id='word_1_44' title='bbox 1005 807 1179 876; x_wconf 78' lang='grc' dir='ltr'>ἀρχὴν</span> <span class='ocrx_word' id='word_1_45' title='bbox 1224 807 1318 860; x_wconf 75' lang='grc' dir='ltr'><strong>καὶ</strong></span> <span class='ocrx_word' id='word_1_46' title='bbox 1359 806 1533 878; x_wconf 82' lang='grc' dir='ltr'>πέρας</span> <span class='ocrx_word' id='word_1_47' title='bbox 1587 807 1804 860; x_wconf 87' lang='grc' dir='ltr'>πάντων</span> 
     </span>
    </p>
   </div>
   <div class='ocr_carea' id='block_1_9' title="bbox 222 896 1803 970">
    <p class='ocr_par' dir='ltr' id='par_1_9' title="bbox 222 896 1803 970">
     <span class='ocr_line' id='line_1_9' title="bbox 222 896 1803 970; baseline 0.018 -25"><span class='ocrx_word' id='word_1_48' title='bbox 222 896 335 948; x_wconf 87' lang='grc' dir='ltr'><strong>τῶν</strong></span> <span class='ocrx_word' id='word_1_49' title='bbox 364 896 551 959; x_wconf 74' lang='grc' dir='ltr'>ὄντων,</span> <span class='ocrx_word' id='word_1_50' title='bbox 585 897 641 948; x_wconf 81' lang='grc' dir='ltr'>αἱ</span> <span class='ocrx_word' id='word_1_51' title='bbox 679 897 822 949; x_wconf 84' lang='grc' dir='ltr'><strong>κατά</strong></span> <span class='ocrx_word' id='word_1_52' title='bbox 854 896 1014 966; x_wconf 87' lang='grc' dir='ltr'>φύσιν</span> <span class='ocrx_word' id='word_1_53' title='bbox 1037 899 1281 968; x_wconf 84' lang='grc' dir='ltr'><strong>κινήσεις</strong></span> <span class='ocrx_word' id='word_1_54' title='bbox 1309 898 1511 967; x_wconf 79' lang='grc' dir='ltr'>γενικῷ</span> <span class='ocrx_word' id='word_1_55' title='bbox 1528 913 1639 962; x_wconf 64' lang='lat'><strong>5“&quot;-</strong></span> <span class='ocrx_word' id='word_1_56' title='bbox 1660 898 1803 970; x_wconf 68' lang='grc' dir='ltr'><strong>λόγῳ</strong></span> 
     </span>
    </p>
   </div>
   <div class='ocr_carea' id='block_1_10' title="bbox 224 986 1803 1062">
    <p class='ocr_par' dir='ltr' id='par_1_10' title="bbox 224 986 1803 1062">
     <span class='ocr_line' id='line_1_10' title="bbox 224 986 1803 1062; baseline 0.004 -26"><span class='ocrx_word' id='word_1_57' title='bbox 224 986 578 1038; x_wconf 86' lang='grc' dir='ltr'>συνέλκονται</span> <span class='ocrx_word' id='word_1_58' title='bbox 614 1002 627 1016; x_wconf 84' lang='grc'><em>’</em></span> <span class='ocrx_word' id='word_1_59' title='bbox 659 986 839 1039; x_wconf 82' lang='grc' dir='ltr'>πάντα</span> <span class='ocrx_word' id='word_1_60' title='bbox 883 987 1125 1059; x_wconf 81' lang='grc' dir='ltr'><strong>νικώσης</strong></span> <span class='ocrx_word' id='word_1_61' title='bbox 1174 988 1318 1042; x_wconf 88' lang='grc' dir='ltr'><strong>κατά</strong></span> <span class='ocrx_word' id='word_1_62' title='bbox 1359 988 1521 1058; x_wconf 83' lang='grc' dir='ltr'>φύσιν</span> <span class='ocrx_word' id='word_1_63' title='bbox 1553 990 1628 1054; x_wconf 83' lang='grc' dir='ltr'>ὡς</span> <span class='ocrx_word' id='word_1_64' title='bbox 1671 992 1803 1062; x_wconf 87' lang='grc' dir='ltr'>ἀλη-</span> 
     </span>
    </p>
   </div>
   <div class='ocr_carea' id='block_1_11' title="bbox 224 1075 1802 1154">
    <p class='ocr_par' dir='ltr' id='par_1_11' title="bbox 224 1075 1802 1154">
     <span class='ocr_line' id='line_1_11' title="bbox 224 1075 1802 1154; baseline 0.004 -26"><span class='ocrx_word' id='word_1_65' title='bbox 224 1076 379 1139; x_wconf 84' lang='grc' dir='ltr'>θείας</span> <span class='ocrx_word' id='word_1_66' title='bbox 431 1077 531 1146; x_wconf 87' lang='grc' dir='ltr'><strong>τῆς</strong></span> <span class='ocrx_word' id='word_1_67' title='bbox 573 1075 681 1129; x_wconf 83' lang='grc' dir='ltr'><strong>τῶν</strong></span> <span class='ocrx_word' id='word_1_68' title='bbox 729 1077 901 1131; x_wconf 75' lang='grc' dir='ltr'>ὄντων</span> <span class='ocrx_word' id='word_1_69' title='bbox 944 1079 1120 1148; x_wconf 80' lang='grc' dir='ltr'>ἀρχῆς</span> <span class='ocrx_word' id='word_1_70' title='bbox 1174 1079 1270 1132; x_wconf 71' lang='grc' dir='ltr'>καὶ</span> <span class='ocrx_word' id='word_1_71' title='bbox 1312 1079 1514 1143; x_wconf 77' lang='grc' dir='ltr'>αἰτίας,</span> <span class='ocrx_word' id='word_1_72' title='bbox 1546 1081 1802 1154; x_wconf 71' lang='grc' dir='ltr'>καὶπρὸς</span> 
     </span>
    </p>
   </div>
   <div class='ocr_carea' id='block_1_12' title="bbox 221 1169 1690 1245">
    <p class='ocr_par' dir='ltr' id='par_1_12' title="bbox 221 1169 1690 1245">
     <span class='ocr_line' id='line_1_12' title="bbox 221 1169 1690 1245; baseline 0.003 -23"><span class='ocrx_word' id='word_1_73' title='bbox 221 1170 428 1239; x_wconf 71' lang='grc' dir='ltr'>ἑαυτὴν</span> <span class='ocrx_word' id='word_1_74' title='bbox 469 1169 835 1241; x_wconf 76' lang='grc' dir='ltr'>συνελκούσης</span> <span class='ocrx_word' id='word_1_75' title='bbox 866 1169 974 1224; x_wconf 86' lang='grc' dir='ltr'><strong>τῶν</strong></span> <span class='ocrx_word' id='word_1_76' title='bbox 1005 1172 1306 1239; x_wconf 75' lang='grc' dir='ltr'>γεγονότων</span> <span class='ocrx_word' id='word_1_77' title='bbox 1327 1174 1426 1242; x_wconf 77' lang='grc' dir='ltr'><strong>τὴν</strong></span> <span class='ocrx_word' id='word_1_78' title='bbox 1457 1175 1690 1245; x_wconf 84' lang='grc' dir='ltr'>κίνησιν.</span> 
     </span>
    </p>
   </div>
   <div class='ocr_carea' id='block_1_13' title="bbox 292 1339 1802 1418">
    <p class='ocr_par' dir='ltr' id='par_1_13' title="bbox 292 1339 1802 1418">
     <span class='ocr_line' id='line_1_13' title="bbox 292 1339 1802 1418; baseline 0.006 -24"><span class='ocrx_word' id='word_1_79' title='bbox 292 1339 393 1413; x_wconf 80' lang='grc' dir='ltr'>λβ¹.</span> <span class='ocrx_word' id='word_1_80' title='bbox 422 1343 500 1412; x_wconf 80' lang='grc' dir='ltr'><strong>Τῇ</strong></span> <span class='ocrx_word' id='word_1_81' title='bbox 545 1343 668 1398; x_wconf 88' lang='grc' dir='ltr'>καθ’</span> <span class='ocrx_word' id='word_1_82' title='bbox 705 1345 980 1417; x_wconf 80' lang='grc' dir='ltr'>ὑπεροχὴν</span> <span class='ocrx_word' id='word_1_83' title='bbox 1021 1349 1275 1418; x_wconf 82' lang='grc' dir='ltr'><strong>στερήσει</strong></span> <span class='ocrx_word' id='word_1_84' title='bbox 1308 1349 1416 1403; x_wconf 85' lang='grc' dir='ltr'><strong>τῶν</strong></span> <span class='ocrx_word' id='word_1_85' title='bbox 1452 1350 1690 1416; x_wconf 83' lang='grc' dir='ltr'><strong>πολλῶν,</strong></span> <span class='ocrx_word' id='word_1_86' title='bbox 1725 1352 1802 1412; x_wconf 79' lang='grc' dir='ltr'>ὼς</span> 
     </span>
    </p>
   </div>
   <div class='ocr_carea' id='block_1_14' title="bbox 218 1431 1802 1508">
    <p class='ocr_par' dir='ltr' id='par_1_14' title="bbox 218 1431 1802 1508">
     <span class='ocr_line' id='line_1_14' title="bbox 218 1431 1802 1508; baseline 0.005 -22"><span class='ocrx_word' id='word_1_87' title='bbox 218 1431 281 1486; x_wconf 74' lang='grc' dir='ltr'>ἓν</span> <span class='ocrx_word' id='word_1_88' title='bbox 331 1433 427 1486; x_wconf 67' lang='grc' dir='ltr'><strong>καὶ</strong></span> <span class='ocrx_word' id='word_1_89' title='bbox 460 1436 620 1504; x_wconf 85' lang='grc' dir='ltr'>μόνον</span> <span class='ocrx_word' id='word_1_90' title='bbox 654 1437 688 1505; x_wconf 83' lang='grc' dir='ltr'>ἡ</span> <span class='ocrx_word' id='word_1_91' title='bbox 720 1436 946 1507; x_wconf 87' lang='grc' dir='ltr'>ἀλήθεια</span> <span class='ocrx_word' id='word_1_92' title='bbox 994 1437 1238 1507; x_wconf 87' lang='grc' dir='ltr'>πέφυκεν</span> <span class='ocrx_word' id='word_1_93' title='bbox 1265 1440 1675 1508; x_wconf 82' lang='grc' dir='ltr'>ἀναφαίνεσθαι,</span> <span class='ocrx_word' id='word_1_94' title='bbox 1704 1459 1802 1494; x_wconf 85' lang='grc' dir='ltr'>κα·-</span> 
     </span>
    </p>
   </div>
   <div class='ocr_carea' id='block_1_15' title="bbox 218 1515 1800 1603">
    <p class='ocr_par' dir='ltr' id='par_1_15' title="bbox 218 1515 1800 1603">
     <span class='ocr_line' id='line_1_15' title="bbox 218 1515 1800 1603; baseline 0.008 -28"><span class='ocrx_word' id='word_1_95' title='bbox 218 1515 503 1576; x_wconf 76' lang='grc' dir='ltr'>λύπτουσα</span> <span class='ocrx_word' id='word_1_96' title='bbox 525 1526 744 1579; x_wconf 86' lang='grc' dir='ltr'>πάντων</span> <span class='ocrx_word' id='word_1_97' title='bbox 774 1529 883 1580; x_wconf 90' lang='grc' dir='ltr'><strong>τῶν</strong></span> <span class='ocrx_word' id='word_1_98' title='bbox 935 1531 1076 1582; x_wconf 87' lang='grc' dir='ltr'>νοεῖν</span> <span class='ocrx_word' id='word_1_99' title='bbox 1110 1529 1142 1598; x_wconf 84' lang='grc' dir='ltr'>ἢ</span> <span class='ocrx_word' id='word_1_100' title='bbox 1194 1532 1432 1585; x_wconf 85' lang='grc' dir='ltr'>νοεῖσθαι</span> <span class='ocrx_word' id='word_1_101' title='bbox 1484 1533 1800 1603; x_wconf 76' lang='grc' dir='ltr'>δυναμένων</span> 
     </span>
    </p>
   </div>
   <div class='ocr_carea' id='block_1_16' title="bbox 219 1618 1800 1693">
    <p class='ocr_par' dir='ltr' id='par_1_16' title="bbox 219 1618 1800 1693">
     <span class='ocr_line' id='line_1_16' title="bbox 219 1618 1800 1693; baseline 0.006 -25"><span class='ocrx_word' id='word_1_102' title='bbox 219 1618 321 1678; x_wconf 70' lang='grc' dir='ltr'>τὰς</span> <span class='ocrx_word' id='word_1_103' title='bbox 345 1618 653 1684; x_wconf 75' lang='grc' dir='ltr'>γνωστικάς</span> <span class='ocrx_word' id='word_1_104' title='bbox 683 1619 960 1688; x_wconf 80' lang='grc' dir='ltr'>δυνάμεις,</span> <span class='ocrx_word' id='word_1_105' title='bbox 979 1619 1053 1684; x_wconf 85' lang='grc' dir='ltr'>ὠς</span> <span class='ocrx_word' id='word_1_106' title='bbox 1086 1622 1225 1693; x_wconf 85' lang='grc' dir='ltr'>ὑπὲρ</span> <span class='ocrx_word' id='word_1_107' title='bbox 1255 1623 1324 1677; x_wconf 84' lang='grc' dir='ltr'>τὰ</span> <span class='ocrx_word' id='word_1_108' title='bbox 1353 1623 1578 1678; x_wconf 78' lang='grc' dir='ltr'>νοοῦντὰ</span> <span class='ocrx_word' id='word_1_109' title='bbox 1614 1643 1673 1678; x_wconf 89' lang='grc' dir='ltr'><strong>τε</strong></span> <span class='ocrx_word' id='word_1_110' title='bbox 1708 1627 1800 1680; x_wconf 80' lang='grc' dir='ltr'><strong>καὶ</strong></span> 
     </span>
    </p>
   </div>
   <div class='ocr_carea' id='block_1_17' title="bbox 217 1708 1796 1789">
    <p class='ocr_par' dir='ltr' id='par_1_17' title="bbox 217 1708 1796 1789">
     <span class='ocr_line' id='line_1_17' title="bbox 217 1708 1796 1789; baseline 0.004 -27"><span class='ocrx_word' id='word_1_111' title='bbox 217 1708 487 1778; x_wconf 81' lang='grc' dir='ltr'>νοούμενα</span> <span class='ocrx_word' id='word_1_112' title='bbox 515 1710 634 1763; x_wconf 87' lang='grc' dir='ltr'>καθ’</span> <span class='ocrx_word' id='word_1_113' title='bbox 664 1709 896 1780; x_wconf 79' lang='grc' dir='ltr'>ὓπαρξιν</span> <span class='ocrx_word' id='word_1_114' title='bbox 925 1713 1253 1784; x_wconf 78' lang='grc' dir='ltr'>ὑπερούσιον</span> <span class='ocrx_word' id='word_1_115' title='bbox 1280 1711 1436 1770; x_wconf 78' lang='grc' dir='ltr'>οὖσα·</span> <span class='ocrx_word' id='word_1_116' title='bbox 1470 1718 1560 1770; x_wconf 66' lang='grc' dir='ltr'><strong>καὶ</strong></span> <span class='ocrx_word' id='word_1_117' title='bbox 1583 1719 1796 1789; x_wconf 79' lang='grc' dir='ltr'>ἀπείρῳ</span> 
     </span>
    </p>
   </div>
   <div class='ocr_carea' id='block_1_18' title="bbox 215 1801 1797 1876">
    <p class='ocr_par' dir='ltr' id='par_1_18' title="bbox 215 1801 1797 1876">
     <span class='ocr_line' id='line_1_18' title="bbox 215 1801 1797 1876; baseline 0.005 -20"><span class='ocrx_word' id='word_1_118' title='bbox 215 1801 449 1870; x_wconf 77' lang='grc' dir='ltr'>δυνάμει</span> <span class='ocrx_word' id='word_1_119' title='bbox 468 1801 566 1864; x_wconf 88' lang='grc' dir='ltr'><strong>τάς</strong></span> <span class='ocrx_word' id='word_1_120' title='bbox 591 1803 732 1856; x_wconf 83' lang='grc' dir='ltr'><strong>κατά</strong></span> <span class='ocrx_word' id='word_1_121' title='bbox 758 1805 858 1874; x_wconf 82' lang='grc' dir='ltr'>τὴν</span> <span class='ocrx_word' id='word_1_122' title='bbox 894 1805 1068 1876; x_wconf 76' lang='grc' dir='ltr'>ἀρχὴν</span> <span class='ocrx_word' id='word_1_123' title='bbox 1106 1807 1199 1860; x_wconf 80' lang='grc' dir='ltr'><strong>καὶ</strong></span> <span class='ocrx_word' id='word_1_124' title='bbox 1233 1810 1292 1862; x_wconf 83' lang='grc' dir='ltr'><strong>τὸ</strong></span> <span class='ocrx_word' id='word_1_125' title='bbox 1315 1810 1471 1873; x_wconf 75' lang='grc' dir='ltr'>τέλος</span> <span class='ocrx_word' id='word_1_126' title='bbox 1493 1811 1600 1865; x_wconf 89' lang='grc' dir='ltr'><strong>τῶν</strong></span> <span class='ocrx_word' id='word_1_127' title='bbox 1629 1813 1797 1864; x_wconf 74' lang='grc' dir='ltr'>ὄντων</span> 
     </span>
    </p>
   </div>
   <div class='ocr_carea' id='block_1_19' title="bbox 216 1890 1795 1972">
    <p class='ocr_par' dir='ltr' id='par_1_19' title="bbox 216 1890 1795 1972">
     <span class='ocr_line' id='line_1_19' title="bbox 216 1890 1795 1972; baseline 0.007 -31"><span class='ocrx_word' id='word_1_128' title='bbox 216 1890 532 1960; x_wconf 85' lang='grc' dir='ltr'>ἀκρότητας</span> <span class='ocrx_word' id='word_1_129' title='bbox 560 1893 1002 1962; x_wconf 85' lang='grc' dir='ltr'>περιγράφουσα,</span> <span class='ocrx_word' id='word_1_130' title='bbox 1046 1898 1226 1949; x_wconf 85' lang='grc' dir='ltr'>πᾶσαν</span> <span class='ocrx_word' id='word_1_131' title='bbox 1257 1899 1476 1953; x_wconf 86' lang='grc' dir='ltr'>πάντων</span> <span class='ocrx_word' id='word_1_132' title='bbox 1501 1901 1636 1972; x_wconf 76' lang='grc' dir='ltr'>πρὸς</span> <span class='ocrx_word' id='word_1_133' title='bbox 1665 1902 1795 1955; x_wconf 87' lang='grc' dir='ltr'>ἐαυ-</span> 
     </span>
    </p>
   </div>
   <div class='ocr_carea' id='block_1_20' title="bbox 215 1979 1798 2061">
    <p class='ocr_par' dir='ltr' id='par_1_20' title="bbox 215 1979 1798 2061">
     <span class='ocr_line' id='line_1_20' title="bbox 215 1979 1798 2061; baseline 0.009 -30"><span class='ocrx_word' id='word_1_134' title='bbox 215 1979 317 2046; x_wconf 82' lang='grc' dir='ltr'>τὴν</span> <span class='ocrx_word' id='word_1_135' title='bbox 342 1979 590 2034; x_wconf 76' lang='grc' dir='ltr'>συνέλκει</span> <span class='ocrx_word' id='word_1_136' title='bbox 621 1981 838 2052; x_wconf 87' lang='grc' dir='ltr'>κίνησιν</span> <span class='ocrx_word' id='word_1_137' title='bbox 859 1999 876 2015; x_wconf 90' lang='grc'><strong>·</strong></span> <span class='ocrx_word' id='word_1_138' title='bbox 913 1987 1026 2044; x_wconf 85' lang='grc' dir='ltr'>τοῖς</span> <span class='ocrx_word' id='word_1_139' title='bbox 1071 1986 1172 2054; x_wconf 89' lang='grc' dir='ltr'>μὲν</span> <span class='ocrx_word' id='word_1_140' title='bbox 1207 1991 1553 2061; x_wconf 81' lang='grc' dir='ltr'>παρεχομένη</span> <span class='ocrx_word' id='word_1_141' title='bbox 1596 1992 1798 2059; x_wconf 88' lang='grc' dir='ltr'>γνῶσιν</span> 
     </span>
    </p>
   </div>
   <div class='ocr_carea' id='block_1_21' title="bbox 212 2065 1797 2154">
    <p class='ocr_par' dir='ltr' id='par_1_21' title="bbox 212 2065 1797 2154">
     <span class='ocr_line' id='line_1_21' title="bbox 212 2065 1797 2154; baseline 0.009 -32"><span class='ocrx_word' id='word_1_142' title='bbox 212 2068 475 2139; x_wconf 77' lang='grc' dir='ltr'>ἀρίδηλον</span> <span class='ocrx_word' id='word_1_143' title='bbox 494 2065 562 2142; x_wconf 80' lang='grc' dir='ltr'>ἧς</span> <span class='ocrx_word' id='word_1_144' title='bbox 604 2072 985 2143; x_wconf 72' lang='grc' dir='ltr'>ἐστερήθησαν</span> <span class='ocrx_word' id='word_1_145' title='bbox 1023 2077 1246 2148; x_wconf 84' lang='grc' dir='ltr'>χάριτος</span> <span class='ocrx_word' id='word_1_146' title='bbox 1277 2093 1294 2109; x_wconf 76' lang='grc' dir='ltr'><strong>ο</strong></span> <span class='ocrx_word' id='word_1_147' title='bbox 1329 2081 1443 2142; x_wconf 84' lang='grc' dir='ltr'>τοῖς</span> <span class='ocrx_word' id='word_1_148' title='bbox 1495 2082 1552 2134; x_wconf 86' lang='grc' dir='ltr'>δὲ</span> <span class='ocrx_word' id='word_1_149' title='bbox 1594 2081 1797 2154; x_wconf 89' lang='grc' dir='ltr'>δωρου-</span> 
     </span>
    </p>
   </div>
   <div class='ocr_carea' id='block_1_22' title="bbox 217 2160 1796 2247">
    <p class='ocr_par' dir='ltr' id='par_1_22' title="bbox 217 2160 1796 2247">
     <span class='ocr_line' id='line_1_22' title="bbox 217 2160 1796 2247; baseline 0.012 -35"><span class='ocrx_word' id='word_1_150' title='bbox 217 2160 358 2229; x_wconf 85' lang='grc' dir='ltr'>μένη</span> <span class='ocrx_word' id='word_1_151' title='bbox 392 2164 513 2214; x_wconf 85' lang='grc' dir='ltr'>κατ’</span> <span class='ocrx_word' id='word_1_152' title='bbox 547 2163 804 2234; x_wconf 76' lang='grc' dir='ltr'>αἴσθησιν</span> <span class='ocrx_word' id='word_1_153' title='bbox 841 2165 1100 2236; x_wconf 77' lang='grc' dir='ltr'>ἄρρητον,</span> <span class='ocrx_word' id='word_1_154' title='bbox 1159 2164 1224 2240; x_wconf 85' lang='grc' dir='ltr'>ἦς</span> <span class='ocrx_word' id='word_1_155' title='bbox 1262 2167 1409 2242; x_wconf 80' lang='grc' dir='ltr'>εἶχον</span> <span class='ocrx_word' id='word_1_156' title='bbox 1469 2174 1570 2245; x_wconf 83' lang='grc' dir='ltr'>τὴν</span> <span class='ocrx_word' id='word_1_157' title='bbox 1611 2175 1796 2247; x_wconf 79' lang='grc' dir='ltr'>ἔφεσιν</span> 
     </span>
    </p>
   </div>
   <div class='ocr_carea' id='block_1_23' title="bbox 212 2252 1650 2334">
    <p class='ocr_par' dir='ltr' id='par_1_23' title="bbox 212 2252 1650 2334">
     <span class='ocr_line' id='line_1_23' title="bbox 212 2252 1650 2334; baseline 0.014 -31"><span class='ocrx_word' id='word_1_158' title='bbox 212 2252 574 2325; x_wconf 87' lang='grc' dir='ltr'>ἀγαθότητος,</span> <span class='ocrx_word' id='word_1_159' title='bbox 597 2258 664 2327; x_wconf 80' lang='grc' dir='ltr'>τῇ</span> <span class='ocrx_word' id='word_1_160' title='bbox 695 2257 914 2328; x_wconf 76' lang='grc' dir='ltr'>μεθέξει</span> <span class='ocrx_word' id='word_1_161' title='bbox 946 2261 1188 2331; x_wconf 78' lang='grc' dir='ltr'>φανεράν</span> <span class='ocrx_word' id='word_1_162' title='bbox 1210 2262 1310 2334; x_wconf 81' lang='grc' dir='ltr'>τὴν</span> <span class='ocrx_word' id='word_1_163' title='bbox 1334 2264 1650 2334; x_wconf 77' lang='grc' dir='ltr'>ἐπίγνωσιν.</span> 
     </span>
    </p>
   </div>
   <div class='ocr_carea' id='block_1_24' title="bbox 281 2493 1790 2582">
    <p class='ocr_par' dir='ltr' id='par_1_24' title="bbox 281 2493 1790 2582">
     <span class='ocr_line' id='line_1_24' title="bbox 281 2493 1790 2582; baseline 0.013 -34"><span class='ocrx_word' id='word_1_164' title='bbox 281 2493 386 2564; x_wconf 85' lang='grc' dir='ltr'>λγ⁹.</span> <span class='ocrx_word' id='word_1_165' title='bbox 439 2497 497 2550; x_wconf 85' lang='grc' dir='ltr'>Ὀ</span> <span class='ocrx_word' id='word_1_166' title='bbox 539 2498 684 2566; x_wconf 81' lang='grc' dir='ltr'>νοῦς,</span> <span class='ocrx_word' id='word_1_167' title='bbox 733 2503 928 2569; x_wconf 79' lang='grc' dir='ltr'>σοφίας</span> <span class='ocrx_word' id='word_1_168' title='bbox 978 2503 1230 2576; x_wconf 76' lang='grc' dir='ltr'>ὄργανον,</span> <span class='ocrx_word' id='word_1_169' title='bbox 1299 2509 1494 2578; x_wconf 80' lang='grc' dir='ltr'>φησίν·</span> <span class='ocrx_word' id='word_1_170' title='bbox 1526 2513 1554 2564; x_wconf 79' lang='grc' dir='ltr'><strong><em>ὁ</em></strong></span> <span class='ocrx_word' id='word_1_171' title='bbox 1611 2515 1790 2582; x_wconf 84' lang='grc' dir='ltr'>λόγος,</span> 
     </span>
    </p>
   </div>
   <div class='ocr_carea' id='block_1_25' title="bbox 208 2585 1793 2673">
    <p class='ocr_par' dir='ltr' id='par_1_25' title="bbox 208 2585 1793 2673">
     <span class='ocr_line' id='line_1_25' title="bbox 208 2585 1793 2673; baseline 0.013 -37"><span class='ocrx_word' id='word_1_172' title='bbox 208 2585 470 2652; x_wconf 86' lang='grc' dir='ltr'>γνώσεως</span> <span class='ocrx_word' id='word_1_173' title='bbox 504 2591 585 2658; x_wconf 79' lang='grc' dir='ltr'><strong>’ἠ</strong></span> <span class='ocrx_word' id='word_1_174' title='bbox 647 2591 770 2644; x_wconf 85' lang='grc' dir='ltr'>κατ’</span> <span class='ocrx_word' id='word_1_175' title='bbox 825 2593 993 2663; x_wconf 84' lang='grc' dir='ltr'>ἄμφω</span> <span class='ocrx_word' id='word_1_176' title='bbox 1042 2600 1245 2668; x_wconf 84' lang='grc' dir='ltr'>φυσικὴ</span> <span class='ocrx_word' id='word_1_177' title='bbox 1297 2600 1663 2672; x_wconf 84' lang='grc' dir='ltr'>πληροφορία,</span> <span class='ocrx_word' id='word_1_178' title='bbox 1694 2606 1793 2673; x_wconf 82' lang='grc' dir='ltr'><strong>τῆς</strong></span> 
     </span>
    </p>
   </div>
   <div class='ocr_carea' id='block_1_26' title="bbox 209 2675 1791 2754">
    <p class='ocr_par' dir='ltr' id='par_1_26' title="bbox 209 2675 1791 2754">
     <span class='ocr_line' id='line_1_26' title="bbox 209 2675 1791 2754; baseline 0.013 -28"><span class='ocrx_word' id='word_1_179' title='bbox 209 2675 338 2727; x_wconf 83' lang='grc' dir='ltr'>κατ’</span> <span class='ocrx_word' id='word_1_180' title='bbox 374 2676 542 2745; x_wconf 76' lang='grc' dir='ltr'>ἄμφω</span> <span class='ocrx_word' id='word_1_181' title='bbox 577 2683 980 2754; x_wconf 82' lang='grc' dir='ltr'>συνισταμένης</span> <span class='ocrx_word' id='word_1_182' title='bbox 1014 2685 1253 2752; x_wconf 86' lang='grc' dir='ltr'>πίστεως</span> <span class='ocrx_word' id='word_1_183' title='bbox 1278 2705 1290 2719; x_wconf 92' lang='grc'><strong>·</strong></span> <span class='ocrx_word' id='word_1_184' title='bbox 1321 2689 1416 2742; x_wconf 84' lang='grc' dir='ltr'>τοῦ</span> <span class='ocrx_word' id='word_1_185' title='bbox 1463 2691 1516 2743; x_wconf 84' lang='grc' dir='ltr'>δὲ</span> <span class='ocrx_word' id='word_1_186' title='bbox 1569 2693 1676 2745; x_wconf 87' lang='grc' dir='ltr'><strong>τῶν</strong></span> <span class='ocrx_word' id='word_1_187' title='bbox 1713 2696 1791 2747; x_wconf 85' lang='grc' dir='ltr'>ία-</span> 
     </span>
    </p>
   </div>
   <div class='ocr_carea' id='block_1_27' title="bbox 213 2765 1790 2854">
    <p class='ocr_par' dir='ltr' id='par_1_27' title="bbox 213 2765 1790 2854">
     <span class='ocr_line' id='line_1_27' title="bbox 213 2765 1790 2854; baseline 0.015 -37"><span class='ocrx_word' id='word_1_188' title='bbox 213 2765 408 2835; x_wconf 83' lang='grc' dir='ltr'>μάτων</span> <span class='ocrx_word' id='word_1_189' title='bbox 465 2770 828 2842; x_wconf 86' lang='grc' dir='ltr'>χαρίσματος,</span> <span class='ocrx_word' id='word_1_190' title='bbox 871 2778 904 2845; x_wconf 89' lang='grc' dir='ltr'><strong>ἡ</strong></span> <span class='ocrx_word' id='word_1_191' title='bbox 953 2779 1160 2849; x_wconf 77' lang='grc' dir='ltr'>φυσικὴ</span> <span class='ocrx_word' id='word_1_192' title='bbox 1221 2780 1622 2854; x_wconf 79' lang='grc' dir='ltr'>φιλανθρωπία.</span> <span class='ocrx_word' id='word_1_193' title='bbox 1675 2787 1790 2840; x_wconf 82' lang='grc' dir='ltr'><strong>Πᾶν</strong></span> 
     </span>
    </p>
   </div>
   <div class='ocr_carea' id='block_1_28' title="bbox 207 2856 1790 2949">
    <p class='ocr_par' dir='ltr' id='par_1_28' title="bbox 207 2856 1790 2949">
     <span class='ocr_line' id='line_1_28' title="bbox 207 2856 1790 2949; baseline 0.016 -41"><span class='ocrx_word' id='word_1_194' title='bbox 207 2856 324 2928; x_wconf 76' lang='grc' dir='ltr'>γὰρ</span> <span class='ocrx_word' id='word_1_195' title='bbox 346 2859 592 2931; x_wconf 84' lang='grc' dir='ltr'>χάρισμα</span> <span class='ocrx_word' id='word_1_196' title='bbox 617 2863 780 2930; x_wconf 87' lang='grc' dir='ltr'>θεῖον,</span> <span class='ocrx_word' id='word_1_197' title='bbox 803 2867 1106 2938; x_wconf 80' lang='grc' dir='ltr'>ἐπιτήδειον</span> <span class='ocrx_word' id='word_1_198' title='bbox 1128 2872 1184 2924; x_wconf 85' lang='grc' dir='ltr'><strong>ἐν</strong></span> <span class='ocrx_word' id='word_1_199' title='bbox 1207 2874 1334 2942; x_wconf 80' lang='grc' dir='ltr'>ἡμῖν</span> <span class='ocrx_word' id='word_1_200' title='bbox 1363 2875 1474 2945; x_wconf 68' lang='grc' dir='ltr'>ἔχει</span> <span class='ocrx_word' id='word_1_201' title='bbox 1505 2878 1596 2930; x_wconf 78' lang='grc' dir='ltr'><strong>καὶ</strong></span> <span class='ocrx_word' id='word_1_202' title='bbox 1620 2896 1790 2949; x_wconf 84' lang='grc' dir='ltr'>προσ-</span> 
     </span>
    </p>
   </div>
   <div class='ocr_carea' id='block_1_29' title="bbox 207 2950 1789 3042">
    <p class='ocr_par' dir='ltr' id='par_1_29' title="bbox 207 2950 1789 3042">
     <span class='ocr_line' id='line_1_29' title="bbox 207 2950 1789 3042; baseline 0.016 -40"><span class='ocrx_word' id='word_1_203' title='bbox 207 2950 370 3042; x_wconf 76' lang='grc' dir='ltr'>φυὲς,</span> <span class='ocrx_word' id='word_1_204' title='bbox 405 2951 595 3042; x_wconf 76' lang='grc' dir='ltr'>ὥσπερ</span> <span class='ocrx_word' id='word_1_205' title='bbox 634 2957 866 3029; x_wconf 75' lang='grc' dir='ltr'>δύναμιν</span> <span class='ocrx_word' id='word_1_206' title='bbox 894 3001 909 3025; x_wconf 91' lang='grc'><strong>,</strong></span> <span class='ocrx_word' id='word_1_207' title='bbox 943 2961 975 3032; x_wconf 82' lang='grc' dir='ltr'>ἢ</span> <span class='ocrx_word' id='word_1_208' title='bbox 1035 2963 1147 3027; x_wconf 80' lang='grc' dir='ltr'>ἕξιν</span> <span class='ocrx_word' id='word_1_209' title='bbox 1189 2965 1222 3036; x_wconf 81' lang='grc' dir='ltr'>ἢ</span> <span class='ocrx_word' id='word_1_210' title='bbox 1265 2967 1526 3036; x_wconf 82' lang='grc' dir='ltr'>διάθεσιν,</span> <span class='ocrx_word' id='word_1_211' title='bbox 1559 2971 1789 3042; x_wconf 80' lang='grc' dir='ltr'>ὄργανον</span> 
     </span>
    </p>
   </div>
   <div class='ocr_carea' id='block_1_30' title="bbox 205 3037 1789 3130">
    <p class='ocr_par' dir='ltr' id='par_1_30' title="bbox 205 3037 1789 3130">
     <span class='ocr_line' id='line_1_30' title="bbox 205 3037 1789 3130; baseline 0.017 -38"><span class='ocrx_word' id='word_1_212' title='bbox 205 3037 479 3095; x_wconf 83' lang='grc' dir='ltr'>δεκτικόν.</span> <span class='ocrx_word' id='word_1_213' title='bbox 498 3040 641 3111; x_wconf 81' lang='grc' dir='ltr'>Οἷον,</span> <span class='ocrx_word' id='word_1_214' title='bbox 663 3049 690 3100; x_wconf 85' lang='grc' dir='ltr'>ὀ</span> <span class='ocrx_word' id='word_1_215' title='bbox 719 3049 810 3102; x_wconf 67' lang='grc' dir='ltr'>τὶν</span> <span class='ocrx_word' id='word_1_216' title='bbox 827 3051 950 3103; x_wconf 81' lang='grc' dir='ltr'>νοῦν</span> <span class='ocrx_word' id='word_1_217' title='bbox 974 3053 1156 3126; x_wconf 77' lang='grc' dir='ltr'>πάσης</span> <span class='ocrx_word' id='word_1_218' title='bbox 1186 3058 1459 3128; x_wconf 77' lang='grc' dir='ltr'>αἰσθητῶν</span> <span class='ocrx_word' id='word_1_219' title='bbox 1488 3065 1789 3130; x_wconf 83' lang='grc' dir='ltr'>φαντασίας</span> 
     </span>
    </p>
   </div>
   <div class='ocr_carea' id='block_1_31' title="bbox 206 3133 1787 3226">
    <p class='ocr_par' dir='ltr' id='par_1_31' title="bbox 206 3133 1787 3226">
     <span class='ocr_line' id='line_1_31' title="bbox 206 3133 1787 3226; baseline 0.02 -46"><span class='ocrx_word' id='word_1_220' title='bbox 206 3133 446 3199; x_wconf 83' lang='grc' dir='ltr'>ποιήσας</span> <span class='ocrx_word' id='word_1_221' title='bbox 494 3137 756 3207; x_wconf 75' lang='grc' dir='ltr'>καθαρὸν,</span> <span class='ocrx_word' id='word_1_222' title='bbox 791 3143 1006 3212; x_wconf 83' lang='grc' dir='ltr'>δέχεται</span> <span class='ocrx_word' id='word_1_223' title='bbox 1068 3147 1293 3214; x_wconf 79' lang='grc' dir='ltr'>σοφίαν·</span> <span class='ocrx_word' id='word_1_224' title='bbox 1324 3154 1350 3204; x_wconf 86' lang='grc' dir='ltr'><em>ὀ</em></span> <span class='ocrx_word' id='word_1_225' title='bbox 1386 3153 1441 3206; x_wconf 80' lang='grc' dir='ltr'><strong>δὲ</strong></span> <span class='ocrx_word' id='word_1_226' title='bbox 1484 3155 1576 3207; x_wconf 79' lang='grc' dir='ltr'>τὸν</span> <span class='ocrx_word' id='word_1_227' title='bbox 1632 3157 1787 3226; x_wconf 77' lang='grc' dir='ltr'>λόγον</span> 
     </span>
    </p>
   </div>
   <div class='ocr_carea' id='block_1_32' title="bbox 203 3220 1788 3315">
    <p class='ocr_par' dir='ltr' id='par_1_32' title="bbox 203 3220 1788 3315">
     <span class='ocr_line' id='line_1_32' title="bbox 203 3220 1788 3315; baseline 0.021 -44"><span class='ocrx_word' id='word_1_228' title='bbox 203 3220 319 3272; x_wconf 88' lang='grc' dir='ltr'><strong>τῶν</strong></span> <span class='ocrx_word' id='word_1_229' title='bbox 345 3224 602 3292; x_wconf 79' lang='grc' dir='ltr'>ἐμφύτων</span> <span class='ocrx_word' id='word_1_230' title='bbox 628 3231 836 3298; x_wconf 87' lang='grc' dir='ltr'>παθῶν,</span> <span class='ocrx_word' id='word_1_231' title='bbox 860 3235 1033 3304; x_wconf 82' lang='grc' dir='ltr'>θυμοῦ</span> <span class='ocrx_word' id='word_1_232' title='bbox 1057 3239 1201 3307; x_wconf 78' lang='grc' dir='ltr'>λέγω</span> <span class='ocrx_word' id='word_1_233' title='bbox 1230 3243 1324 3297; x_wconf 81' lang='grc' dir='ltr'>καὶ</span> <span class='ocrx_word' id='word_1_234' title='bbox 1348 3245 1666 3315; x_wconf 86' lang='grc' dir='ltr'>ἐπιθυμίας,</span> <span class='ocrx_word' id='word_1_235' title='bbox 1693 3220 1788 3304; x_wconf 76' lang='grc' dir='ltr'>κα-</span> 
     </span>
    </p>
   </div>
   <div class='ocr_carea' id='block_1_33' title="bbox 200 3315 1785 3400">
    <p class='ocr_par' dir='ltr' id='par_1_33' title="bbox 200 3315 1785 3400">
     <span class='ocr_line' id='line_1_33' title="bbox 200 3315 1785 3400; baseline 0.021 -37"><span class='ocrx_word' id='word_1_236' title='bbox 200 3315 489 3384; x_wconf 83' lang='grc' dir='ltr'>ταστήσας</span> <span class='ocrx_word' id='word_1_237' title='bbox 521 3318 815 3393; x_wconf 82' lang='grc' dir='ltr'>δεσπότην,</span> <span class='ocrx_word' id='word_1_238' title='bbox 843 3326 1055 3397; x_wconf 81' lang='grc' dir='ltr'>δέχεται</span> <span class='ocrx_word' id='word_1_239' title='bbox 1091 3331 1298 3399; x_wconf 88' lang='grc' dir='ltr'>γνῶσιν</span> <span class='ocrx_word' id='word_1_240' title='bbox 1327 3353 1339 3366; x_wconf 90' lang='grc'><strong>·</strong></span> <span class='ocrx_word' id='word_1_241' title='bbox 1375 3338 1403 3389; x_wconf 85' lang='grc' dir='ltr'>ὁ</span> <span class='ocrx_word' id='word_1_242' title='bbox 1431 3337 1485 3390; x_wconf 77' lang='grc' dir='ltr'><strong>δὲ</strong></span> <span class='ocrx_word' id='word_1_243' title='bbox 1513 3340 1613 3400; x_wconf 81' lang='grc' dir='ltr'><strong>τὴν</strong></span> <span class='ocrx_word' id='word_1_244' title='bbox 1645 3344 1785 3398; x_wconf 82' lang='grc' dir='ltr'><strong>κατά</strong></span> 
     </span>
    </p>
   </div>
   <div class='ocr_carea' id='block_1_34' title="bbox 199 3403 1784 3502">
    <p class='ocr_par' dir='ltr' id='par_1_34' title="bbox 199 3403 1784 3502">
     <span class='ocr_line' id='line_1_34' title="bbox 199 3403 1784 3502; baseline 0.02 -46"><span class='ocrx_word' id='word_1_245' title='bbox 199 3403 335 3463; x_wconf 60' lang='grc' dir='ltr'>γοῦν</span> <span class='ocrx_word' id='word_1_246' title='bbox 363 3409 458 3460; x_wconf 85' lang='grc' dir='ltr'><strong>καὶ</strong></span> <span class='ocrx_word' id='word_1_247' title='bbox 492 3410 650 3479; x_wconf 87' lang='grc' dir='ltr'>λόγον</span> <span class='ocrx_word' id='word_1_248' title='bbox 682 3417 809 3486; x_wconf 76' lang='grc' dir='ltr'>περὶ</span> <span class='ocrx_word' id='word_1_249' title='bbox 838 3418 907 3470; x_wconf 85' lang='grc' dir='ltr'>τὰ</span> <span class='ocrx_word' id='word_1_250' title='bbox 943 3419 1058 3473; x_wconf 84' lang='grc' dir='ltr'>θεῖα</span> <span class='ocrx_word' id='word_1_251' title='bbox 1085 3424 1378 3480; x_wconf 85' lang='grc' dir='ltr'>ἀσάλευτον</span> <span class='ocrx_word' id='word_1_252' title='bbox 1411 3407 1784 3502; x_wconf 80' lang='grc' dir='ltr'>πληροφορίαν</span> 
     </span>
    </p>
   </div>
   <div class='ocr_carea' id='block_1_35' title="bbox 199 3496 1782 3586">
    <p class='ocr_par' dir='ltr' id='par_1_35' title="bbox 199 3496 1782 3586">
     <span class='ocr_line' id='line_1_35' title="bbox 199 3496 1782 3586; baseline 0.02 -39"><span class='ocrx_word' id='word_1_253' title='bbox 199 3496 368 3572; x_wconf 75' lang='grc' dir='ltr'>ἔχων,</span> <span class='ocrx_word' id='word_1_254' title='bbox 413 3502 511 3570; x_wconf 78' lang='grc' dir='ltr'><strong>τὴν</strong></span> <span class='ocrx_word' id='word_1_255' title='bbox 549 3506 726 3558; x_wconf 87' lang='grc' dir='ltr'>πάντα</span> <span class='ocrx_word' id='word_1_256' title='bbox 782 3508 1089 3582; x_wconf 80' lang='grc' dir='ltr'>δυναμένην</span> <span class='ocrx_word' id='word_1_257' title='bbox 1134 3515 1348 3586; x_wconf 79' lang='grc' dir='ltr'>δέχεται</span> <span class='ocrx_word' id='word_1_258' title='bbox 1411 3496 1634 3576; x_wconf 38' lang='grc' dir='ltr'>πίστινλ</span> <span class='ocrx_word' id='word_1_259' title='bbox 1726 3526 1782 3579; x_wconf 81' lang='grc' dir='ltr'>δὲ</span> 
     </span>
    </p>
   </div>
   <div class='ocr_carea' id='block_1_36' title="bbox 195 3587 1782 3687">
    <p class='ocr_par' dir='ltr' id='par_1_36' title="bbox 195 3587 1782 3687">
     <span class='ocr_line' id='line_1_36' title="bbox 195 3587 1782 3687; baseline 0.021 -48"><span class='ocrx_word' id='word_1_260' title='bbox 195 3587 304 3659; x_wconf 78' lang='grc' dir='ltr'>τὴν</span> <span class='ocrx_word' id='word_1_261' title='bbox 330 3594 564 3664; x_wconf 83' lang='grc' dir='ltr'>φυσικὴν</span> <span class='ocrx_word' id='word_1_262' title='bbox 592 3599 946 3669; x_wconf 84' lang='grc' dir='ltr'>κατορθώσας</span> <span class='ocrx_word' id='word_1_263' title='bbox 970 3607 1382 3679; x_wconf 82' lang='grc' dir='ltr'>φιλανθρωπίαν</span> <span class='ocrx_word' id='word_1_264' title='bbox 1414 3616 1552 3682; x_wconf 85' lang='grc' dir='ltr'><strong>μετά</strong></span> <span class='ocrx_word' id='word_1_265' title='bbox 1571 3616 1668 3687; x_wconf 80' lang='grc' dir='ltr'>τὴν</span> <span class='ocrx_word' id='word_1_266' title='bbox 1691 3635 1782 3670; x_wconf 81' lang='grc' dir='ltr'>τε·</span> 
     </span>
    </p>
   </div>
   <div class='ocr_carea' id='block_1_37' title="bbox 194 3679 1780 3778">
    <p class='ocr_par' dir='ltr' id='par_1_37' title="bbox 194 3679 1780 3778">
     <span class='ocr_line' id='line_1_37' title="bbox 194 3679 1780 3778; baseline 0.02 -46"><span class='ocrx_word' id='word_1_267' title='bbox 194 3679 358 3735; x_wconf 80' lang='grc' dir='ltr'>λείαν</span> <span class='ocrx_word' id='word_1_268' title='bbox 419 3685 519 3754; x_wconf 81' lang='grc' dir='ltr'><strong>τῆς</strong></span> <span class='ocrx_word' id='word_1_269' title='bbox 582 3688 870 3757; x_wconf 85' lang='grc' dir='ltr'>φιλαυτίας</span> <span class='ocrx_word' id='word_1_270' title='bbox 926 3697 1226 3768; x_wconf 86' lang='grc' dir='ltr'>ἀναίρεσιν,</span> <span class='ocrx_word' id='word_1_271' title='bbox 1260 3679 1503 3773; x_wconf 72' lang='grc' dir='ltr'>ίαμάτων</span> <span class='ocrx_word' id='word_1_272' title='bbox 1564 3679 1780 3778; x_wconf 53' lang='grc' dir='ltr'>δέξζεται</span> 
     </span>
    </p>
   </div>
   <div class='ocr_carea' id='block_1_38' title="bbox 193 3772 530 3844">
    <p class='ocr_par' dir='ltr' id='par_1_38' title="bbox 193 3772 530 3844">
     <span class='ocr_line' id='line_1_38' title="bbox 193 3772 530 3844; baseline 0.006 -15"><span class='ocrx_word' id='word_1_273' title='bbox 193 3772 530 3844; x_wconf 74' lang='grc' dir='ltr'>χαρίσματα.</span> 
     </span>
    </p>
   </div>
   <div class='ocr_carea' id='block_1_39' title="bbox 270 4041 1773 4141">
    <p class='ocr_par' dir='ltr' id='par_1_39' title="bbox 270 4041 1773 4141">
     <span class='ocr_line' id='line_1_39' title="bbox 270 4041 1773 4141; baseline 0.024 -48"><span class='ocrx_word' id='word_1_274' title='bbox 270 4041 366 4100; x_wconf 88' lang='grc' dir='ltr'>λδ’.</span> <span class='ocrx_word' id='word_1_275' title='bbox 397 4044 673 4112; x_wconf 82' lang='grc' dir='ltr'>Ἕκαστος</span> <span class='ocrx_word' id='word_1_276' title='bbox 713 4054 870 4122; x_wconf 79' lang='grc' dir='ltr'>ἡμῶν</span> <span class='ocrx_word' id='word_1_277' title='bbox 892 4095 905 4119; x_wconf 90' lang='grc'><strong>,</strong></span> <span class='ocrx_word' id='word_1_278' title='bbox 941 4060 1080 4114; x_wconf 82' lang='grc' dir='ltr'>κατὰ</span> <span class='ocrx_word' id='word_1_279' title='bbox 1113 4063 1209 4133; x_wconf 75' lang='grc' dir='ltr'><strong>τὴν</strong></span> <span class='ocrx_word' id='word_1_280' title='bbox 1241 4065 1536 4136; x_wconf 78' lang='grc' dir='ltr'>ἀναλογίαν</span> <span class='ocrx_word' id='word_1_281' title='bbox 1565 4073 1664 4141; x_wconf 75' lang='grc' dir='ltr'>τῆς</span> <span class='ocrx_word' id='word_1_282' title='bbox 1716 4078 1773 4128; x_wconf 87' lang='grc' dir='ltr'><strong>ἐν</strong></span> 
     </span>
    </p>
   </div>
   <div class='ocr_carea' id='block_1_40' title="bbox 188 4133 1774 4231">
    <p class='ocr_par' dir='ltr' id='par_1_40' title="bbox 188 4133 1774 4231">
     <span class='ocr_line' id='line_1_40' title="bbox 188 4133 1774 4231; baseline 0.023 -48"><span class='ocrx_word' id='word_1_283' title='bbox 188 4133 346 4203; x_wconf 79' lang='grc' dir='ltr'><strong>αὖτῷ</strong></span> <span class='ocrx_word' id='word_1_284' title='bbox 365 4135 620 4204; x_wconf 84' lang='grc' dir='ltr'>πίστεως,</span> <span class='ocrx_word' id='word_1_285' title='bbox 640 4159 768 4209; x_wconf 83' lang='grc' dir='ltr'>φανε</span> <span class='ocrx_word' id='word_1_286' title='bbox 779 4162 870 4214; x_wconf 89' lang='grc' dir='ltr'><strong>ρου</strong></span> <span class='ocrx_word' id='word_1_287' title='bbox 879 4147 1046 4218; x_wconf 84' lang='grc' dir='ltr'>μένην</span> <span class='ocrx_word' id='word_1_288' title='bbox 1069 4152 1328 4224; x_wconf 82' lang='grc' dir='ltr'>κέκτηται</span> <span class='ocrx_word' id='word_1_289' title='bbox 1345 4158 1437 4211; x_wconf 79' lang='grc' dir='ltr'>τοῦ</span> <span class='ocrx_word' id='word_1_290' title='bbox 1457 4161 1774 4231; x_wconf 83' lang='grc' dir='ltr'>Πνεύματος</span> 
     </span>
    </p>
   </div>
   <div class='ocr_carea' id='block_1_41' title="bbox 187 4223 1772 4326">
    <p class='ocr_par' dir='ltr' id='par_1_41' title="bbox 187 4223 1772 4326">
     <span class='ocr_line' id='line_1_41' title="bbox 187 4223 1772 4326; baseline 0.025 -53"><span class='ocrx_word' id='word_1_291' title='bbox 187 4223 297 4326; x_wconf 59' lang='lat' dir='ltr'><strong>:rﬁv</strong></span> <span class='ocrx_word' id='word_1_292' title='bbox 323 4226 631 4298; x_wconf 81' lang='grc' dir='ltr'>ἐνέργειαν.</span> <span class='ocrx_word' id='word_1_293' title='bbox 665 4233 830 4289; x_wconf 80' lang='grc' dir='ltr'>Ὥστε</span> <span class='ocrx_word' id='word_1_294' title='bbox 883 4242 1086 4310; x_wconf 86' lang='grc' dir='ltr'>ταμίας</span> <span class='ocrx_word' id='word_1_295' title='bbox 1135 4223 1371 4318; x_wconf 76' lang='grc' dir='ltr'>ὑπάρχει</span> <span class='ocrx_word' id='word_1_296' title='bbox 1411 4253 1511 4320; x_wconf 85' lang='grc' dir='ltr'>τῆς</span> <span class='ocrx_word' id='word_1_297' title='bbox 1548 4223 1772 4326; x_wconf 73' lang='grc' dir='ltr'>χάριτος</span> 
     </span>
    </p>
   </div>
   <div class='ocr_carea' id='block_1_42' title="bbox 185 4316 1772 4420">
    <p class='ocr_par' dir='ltr' id='par_1_42' title="bbox 185 4316 1772 4420">
     <span class='ocr_line' id='line_1_42' title="bbox 185 4316 1772 4420; baseline 0.02 -50"><span class='ocrx_word' id='word_1_298' title='bbox 185 4316 422 4382; x_wconf 70' lang='grc' dir='ltr'>ἕκαστος</span> <span class='ocrx_word' id='word_1_299' title='bbox 472 4321 666 4376; x_wconf 78' lang='grc' dir='ltr'>ἑαυτοῦ</span> <span class='ocrx_word' id='word_1_300' title='bbox 701 4342 716 4357; x_wconf 69' lang='grc' dir='ltr'><strong>ο</strong></span> <span class='ocrx_word' id='word_1_301' title='bbox 753 4328 846 4380; x_wconf 80' lang='grc' dir='ltr'><strong>καὶ</strong></span> <span class='ocrx_word' id='word_1_302' title='bbox 903 4332 1086 4386; x_wconf 76' lang='grc' dir='ltr'>οὔποτ’</span> <span class='ocrx_word' id='word_1_303' title='bbox 1118 4335 1183 4389; x_wconf 84' lang='grc' dir='ltr'>ἂν</span> <span class='ocrx_word' id='word_1_304' title='bbox 1245 4337 1303 4394; x_wconf 80' lang='grc' dir='ltr'>εὖ</span> <span class='ocrx_word' id='word_1_305' title='bbox 1361 4345 1574 4412; x_wconf 83' lang='grc' dir='ltr'>φρονῶν</span> <span class='ocrx_word' id='word_1_306' title='bbox 1627 4349 1772 4420; x_wconf 81' lang='grc' dir='ltr'>ἄλλῳ</span> 
     </span>
    </p>
   </div>
   <div class='ocr_carea' id='block_1_43' title="bbox 185 4407 1770 4512">
    <p class='ocr_par' dir='ltr' id='par_1_43' title="bbox 185 4407 1770 4512">
     <span class='ocr_line' id='line_1_43' title="bbox 185 4407 1770 4512; baseline 0.023 -54"><span class='ocrx_word' id='word_1_307' title='bbox 185 4407 512 4479; x_wconf 81' lang='grc' dir='ltr'>φθονήσειεν</span> <span class='ocrx_word' id='word_1_308' title='bbox 553 4415 990 4488; x_wconf 61' lang='grc' dir='ltr'>ἐκιευδοκιμοῦντι</span> <span class='ocrx_word' id='word_1_309' title='bbox 1028 4429 1150 4489; x_wconf 82' lang='grc' dir='ltr'>ταῖς</span> <span class='ocrx_word' id='word_1_310' title='bbox 1203 4430 1441 4500; x_wconf 83' lang='grc' dir='ltr'>χάρισιν,</span> <span class='ocrx_word' id='word_1_311' title='bbox 1491 4437 1578 4488; x_wconf 84' lang='grc' dir='ltr'>ἐπ’</span> <span class='ocrx_word' id='word_1_312' title='bbox 1619 4407 1770 4512; x_wconf 72' lang='grc' dir='ltr'>αὑτῶ</span> 
     </span>
    </p>
   </div>
   <div class='ocr_carea' id='block_1_44' title="bbox 183 4503 1765 4596">
    <p class='ocr_par' dir='ltr' id='par_1_44' title="bbox 183 4503 1765 4596">
     <span class='ocr_line' id='line_1_44' title="bbox 183 4503 1765 4596; baseline 0.023 -45"><span class='ocrx_word' id='word_1_313' title='bbox 183 4503 458 4573; x_wconf 80' lang='grc' dir='ltr'>κειμένης</span> <span class='ocrx_word' id='word_1_314' title='bbox 522 4507 618 4578; x_wconf 77' lang='grc' dir='ltr'>τῆς</span> <span class='ocrx_word' id='word_1_315' title='bbox 671 4511 930 4584; x_wconf 85' lang='grc' dir='ltr'>δεκτικῆς</span> <span class='ocrx_word' id='word_1_316' title='bbox 984 4519 1092 4572; x_wconf 88' lang='grc' dir='ltr'><strong>τῶν</strong></span> <span class='ocrx_word' id='word_1_317' title='bbox 1132 4521 1292 4577; x_wconf 88' lang='grc' dir='ltr'>θείων</span> <span class='ocrx_word' id='word_1_318' title='bbox 1333 4526 1554 4596; x_wconf 84' lang='grc' dir='ltr'>ἀγαθῶν</span> <span class='ocrx_word' id='word_1_319' title='bbox 1584 4503 1765 4588; x_wconf 43' lang='grc' dir='ltr'>διαθέλ</span> 
     </span>
    </p>
   </div>
   <div class='ocr_carea' id='block_1_45' title="bbox 182 4609 352 4655">
    <p class='ocr_par' dir='ltr' id='par_1_45' title="bbox 182 4609 352 4655">
     <span class='ocr_line' id='line_1_45' title="bbox 182 4609 352 4655; baseline 0.006 -8"><span class='ocrx_word' id='word_1_320' title='bbox 182 4609 352 4655; x_wconf 80' lang='grc' dir='ltr'>σεως.</span> 
     </span>
    </p>
   </div>
   <div class='ocr_carea' id='block_1_46' title="bbox 259 4683 1765 4789">
    <p class='ocr_par' dir='ltr' id='par_1_46' title="bbox 259 4683 1765 4789">
     <span class='ocr_line' id='line_1_46' title="bbox 259 4683 1765 4789; baseline 0.023 -53"><span class='ocrx_word' id='word_1_321' title='bbox 259 4683 354 4740; x_wconf 84' lang='grc' dir='ltr'>λε’.</span> <span class='ocrx_word' id='word_1_322' title='bbox 385 4687 567 4742; x_wconf 78' lang='grc' dir='ltr'>Αἴτιον</span> <span class='ocrx_word' id='word_1_323' title='bbox 590 4687 727 4746; x_wconf 84' lang='grc' dir='ltr'>εἷναί</span> <span class='ocrx_word' id='word_1_324' title='bbox 781 4714 914 4767; x_wconf 86' lang='grc' dir='ltr'>φησι</span> <span class='ocrx_word' id='word_1_325' title='bbox 971 4701 1073 4770; x_wconf 78' lang='grc' dir='ltr'>τῆς</span> <span class='ocrx_word' id='word_1_326' title='bbox 1122 4705 1229 4756; x_wconf 87' lang='grc' dir='ltr'><strong>τῶν</strong></span> <span class='ocrx_word' id='word_1_327' title='bbox 1288 4708 1448 4764; x_wconf 87' lang='grc' dir='ltr'>θείων</span> <span class='ocrx_word' id='word_1_328' title='bbox 1500 4714 1765 4789; x_wconf 78' lang='grc' dir='ltr'>διανομῆς</span> 
     </span>
    </p>
   </div>
   <div class='ocr_carea' id='block_1_47' title="bbox 174 4777 1761 4879">
    <p class='ocr_par' dir='ltr' id='par_1_47' title="bbox 174 4777 1761 4879">
     <span class='ocr_line' id='line_1_47' title="bbox 174 4777 1761 4879; baseline 0.02 -48"><span class='ocrx_word' id='word_1_329' title='bbox 174 4777 426 4846; x_wconf 85' lang='grc' dir='ltr'>ἀγαθῶν,</span> <span class='ocrx_word' id='word_1_330' title='bbox 451 4781 510 4832; x_wconf 86' lang='grc' dir='ltr'><strong>τὸ</strong></span> <span class='ocrx_word' id='word_1_331' title='bbox 537 4784 737 4852; x_wconf 78' lang='grc' dir='ltr'>μέτρον</span> <span class='ocrx_word' id='word_1_332' title='bbox 761 4789 859 4856; x_wconf 76' lang='grc' dir='ltr'>τῆς</span> <span class='ocrx_word' id='word_1_333' title='bbox 881 4790 1112 4844; x_wconf 76' lang='grc' dir='ltr'>ἑκάστου</span> <span class='ocrx_word' id='word_1_334' title='bbox 1146 4795 1399 4863; x_wconf 87' lang='grc' dir='ltr'>πίστεως.</span> <span class='ocrx_word' id='word_1_335' title='bbox 1434 4802 1628 4870; x_wconf 88' lang='grc' dir='ltr'>Καθὼς</span> 
     </span>
    </p>
   </div>
   <div class='ocr_carea' id='block_1_48' title="bbox 174 4869 1755 4968">
    <p class='ocr_par' dir='ltr' id='par_1_48' title="bbox 174 4869 1755 4968">
     <span class='ocr_line' id='line_1_48' title="bbox 174 4869 1755 4968; baseline 0.021 -49"><span class='ocrx_word' id='word_1_336' title='bbox 174 4869 537 4940; x_wconf 76' lang='grc' dir='ltr'>πιστεύομεν,</span> <span class='ocrx_word' id='word_1_337' title='bbox 572 4874 665 4926; x_wconf 76' lang='grc' dir='ltr'><strong>καὶ</strong></span> <span class='ocrx_word' id='word_1_338' title='bbox 695 4875 790 4946; x_wconf 83' lang='grc' dir='ltr'><strong>τὴν</strong></span> <span class='ocrx_word' id='word_1_339' title='bbox 815 4878 906 4930; x_wconf 80' lang='grc' dir='ltr'><strong>ἐπὶ</strong></span> <span class='ocrx_word' id='word_1_340' title='bbox 936 4879 996 4932; x_wconf 75' lang='grc' dir='ltr'>τὸ</span> <span class='ocrx_word' id='word_1_341' title='bbox 1029 4884 1288 4951; x_wconf 85' lang='grc' dir='ltr'>πράττειν</span> <span class='ocrx_word' id='word_1_342' title='bbox 1313 4889 1413 4958; x_wconf 81' lang='grc' dir='ltr'>τῆς</span> <span class='ocrx_word' id='word_1_343' title='bbox 1443 4869 1755 4968; x_wconf 76' lang='grc' dir='ltr'>προθυμίας</span> 
     </span>
    </p>
   </div>
   <div class='ocr_carea' id='block_1_49' title="bbox 171 4956 1748 5057">
    <p class='ocr_par' dir='ltr' id='par_1_49' title="bbox 171 4956 1748 5057">
     <span class='ocr_line' id='line_1_49' title="bbox 171 4956 1748 5057; baseline 0.022 -48"><span class='ocrx_word' id='word_1_344' title='bbox 171 4956 422 5017; x_wconf 77' lang='grc' dir='ltr'>ἐπίδοσιν</span> <span class='ocrx_word' id='word_1_345' title='bbox 453 4961 669 5033; x_wconf 78' lang='grc' dir='ltr'>ἔχομεν.</span> <span class='ocrx_word' id='word_1_346' title='bbox 715 4967 773 5019; x_wconf 90' lang='grc' dir='ltr'><strong>Ὀ</strong></span> <span class='ocrx_word' id='word_1_347' title='bbox 803 4969 932 5036; x_wconf 80' lang='grc' dir='ltr'>γοῦν</span> <span class='ocrx_word' id='word_1_348' title='bbox 968 4973 1248 5041; x_wconf 83' lang='grc' dir='ltr'>πράττων,</span> <span class='ocrx_word' id='word_1_349' title='bbox 1287 4982 1427 5036; x_wconf 88' lang='grc' dir='ltr'><strong>κατά</strong></span> <span class='ocrx_word' id='word_1_350' title='bbox 1470 4986 1568 5057; x_wconf 79' lang='grc' dir='ltr'><strong>τὴν</strong></span> <span class='ocrx_word' id='word_1_351' title='bbox 1622 4956 1748 5044; x_wconf 77' lang='grc' dir='ltr'>ἀνα-</span> 
     </span>
    </p>
   </div>
   <div class='ocr_carea' id='block_1_50' title="bbox 166 5049 1755 5153">
    <p class='ocr_par' dir='ltr' id='par_1_50' title="bbox 166 5049 1755 5153">
     <span class='ocr_line' id='line_1_50' title="bbox 166 5049 1755 5153; baseline 0.023 -51"><span class='ocrx_word' id='word_1_352' title='bbox 166 5049 367 5116; x_wconf 79' lang='grc' dir='ltr'>λογίαν</span> <span class='ocrx_word' id='word_1_353' title='bbox 454 5054 554 5122; x_wconf 88' lang='grc' dir='ltr'>τῆς</span> <span class='ocrx_word' id='word_1_354' title='bbox 636 5059 888 5126; x_wconf 79' lang='grc' dir='ltr'>πράξεως</span> <span class='ocrx_word' id='word_1_355' title='bbox 959 5064 1327 5125; x_wconf 80' lang='grc' dir='ltr'>ἐπιδείκνυται</span> <span class='ocrx_word' id='word_1_356' title='bbox 1410 5077 1471 5129; x_wconf 74' lang='grc' dir='ltr'>τὸ</span> <span class='ocrx_word' id='word_1_357' title='bbox 1557 5081 1755 5153; x_wconf 81' lang='grc' dir='ltr'>μέτρον</span> 
     </span>
    </p>
   </div>
   <div class='ocr_carea' id='block_1_51' title="bbox 167 5142 1754 5243">
    <p class='ocr_par' dir='ltr' id='par_1_51' title="bbox 167 5142 1754 5243">
     <span class='ocr_line' id='line_1_51' title="bbox 167 5142 1754 5243; baseline 0.023 -52"><span class='ocrx_word' id='word_1_358' title='bbox 167 5142 279 5210; x_wconf 78' lang='grc' dir='ltr'><strong>τῆς</strong></span> <span class='ocrx_word' id='word_1_359' title='bbox 321 5143 592 5211; x_wconf 80' lang='grc' dir='ltr'>πίστεως,</span> <span class='ocrx_word' id='word_1_360' title='bbox 643 5148 927 5218; x_wconf 80' lang='grc' dir='ltr'>δεχόμενος</span> <span class='ocrx_word' id='word_1_361' title='bbox 991 5155 1066 5220; x_wconf 82' lang='grc' dir='ltr'>ὡς</span> <span class='ocrx_word' id='word_1_362' title='bbox 1115 5160 1400 5218; x_wconf 86' lang='grc' dir='ltr'>ἐπίστευσε</span> <span class='ocrx_word' id='word_1_363' title='bbox 1447 5170 1507 5222; x_wconf 80' lang='grc' dir='ltr'><strong>τὸ</strong></span> <span class='ocrx_word' id='word_1_364' title='bbox 1558 5174 1754 5243; x_wconf 84' lang='grc' dir='ltr'>μέτρον</span> 
     </span>
    </p>
   </div>
   <div class='ocr_carea' id='block_1_52' title="bbox 163 5235 1752 5333">
    <p class='ocr_par' dir='ltr' id='par_1_52' title="bbox 163 5235 1752 5333">
     <span class='ocr_line' id='line_1_52' title="bbox 163 5235 1752 5333; baseline 0.025 -52"><span class='ocrx_word' id='word_1_365' title='bbox 163 5235 296 5333; x_wconf 47' lang='grc' dir='ltr'>τῆς.</span> <span class='ocrx_word' id='word_1_366' title='bbox 329 5235 590 5333; x_wconf 55' lang='grc' dir='ltr'>χάριτος·</span> <span class='ocrx_word' id='word_1_367' title='bbox 642 5241 670 5292; x_wconf 87' lang='grc' dir='ltr'>ὁ</span> <span class='ocrx_word' id='word_1_368' title='bbox 717 5240 774 5295; x_wconf 85' lang='grc' dir='ltr'>δὲ</span> <span class='ocrx_word' id='word_1_369' title='bbox 823 5244 897 5315; x_wconf 83' lang='grc' dir='ltr'>μὴ</span> <span class='ocrx_word' id='word_1_370' title='bbox 948 5249 1223 5320; x_wconf 81' lang='grc' dir='ltr'>πράττων,</span> <span class='ocrx_word' id='word_1_371' title='bbox 1287 5258 1426 5313; x_wconf 86' lang='grc' dir='ltr'><strong>κατά</strong></span> <span class='ocrx_word' id='word_1_372' title='bbox 1482 5235 1581 5333; x_wconf 78' lang='grc' dir='ltr'><strong>τὴν</strong></span> <span class='ocrx_word' id='word_1_373' title='bbox 1620 5235 1752 5320; x_wconf 75' lang='grc' dir='ltr'>ἀνα-</span> 
     </span>
    </p>
   </div>
   <div class='ocr_carea' id='block_1_53' title="bbox 163 5323 1755 5428">
    <p class='ocr_par' dir='ltr' id='par_1_53' title="bbox 163 5323 1755 5428">
     <span class='ocr_line' id='line_1_53' title="bbox 163 5323 1755 5428; baseline 0.024 -54"><span class='ocrx_word' id='word_1_374' title='bbox 163 5323 364 5390; x_wconf 83' lang='grc' dir='ltr'>λογίαν</span> <span class='ocrx_word' id='word_1_375' title='bbox 395 5326 495 5395; x_wconf 81' lang='grc' dir='ltr'><strong>τῆς</strong></span> <span class='ocrx_word' id='word_1_376' title='bbox 547 5329 819 5400; x_wconf 77' lang='grc' dir='ltr'>ἀπραξίας</span> <span class='ocrx_word' id='word_1_377' title='bbox 868 5339 1238 5397; x_wconf 87' lang='grc' dir='ltr'>ἐπιδείκνυται</span> <span class='ocrx_word' id='word_1_378' title='bbox 1295 5347 1354 5400; x_wconf 87' lang='grc' dir='ltr'>τὸ</span> <span class='ocrx_word' id='word_1_379' title='bbox 1412 5351 1611 5422; x_wconf 82' lang='grc' dir='ltr'>μέτρον</span> <span class='ocrx_word' id='word_1_380' title='bbox 1655 5359 1755 5428; x_wconf 79' lang='grc' dir='ltr'>τῆς</span> 
     </span>
    </p>
   </div>
   <div class='ocr_carea' id='block_1_54' title="bbox 164 5415 1752 5518">
    <p class='ocr_par' dir='ltr' id='par_1_54' title="bbox 164 5415 1752 5518">
     <span class='ocr_line' id='line_1_54' title="bbox 164 5415 1752 5518; baseline 0.021 -51"><span class='ocrx_word' id='word_1_381' title='bbox 164 5415 456 5478; x_wconf 81' lang='grc' dir='ltr'>ἀπιστίας,</span> <span class='ocrx_word' id='word_1_382' title='bbox 496 5419 787 5490; x_wconf 83' lang='grc' dir='ltr'>δεχόμενος</span> <span class='ocrx_word' id='word_1_383' title='bbox 823 5426 899 5490; x_wconf 84' lang='grc' dir='ltr'>ὡς</span> <span class='ocrx_word' id='word_1_384' title='bbox 931 5430 1222 5501; x_wconf 81' lang='grc' dir='ltr'>ὴπίστησε,</span> <span class='ocrx_word' id='word_1_385' title='bbox 1256 5438 1356 5508; x_wconf 80' lang='grc' dir='ltr'>τῆς</span> <span class='ocrx_word' id='word_1_386' title='bbox 1395 5443 1618 5511; x_wconf 85' lang='grc' dir='ltr'>χάριτος</span> <span class='ocrx_word' id='word_1_387' title='bbox 1655 5415 1752 5518; x_wconf 57' lang='grc' dir='ltr'><strong>την</strong></span> 
     </span>
    </p>
   </div>
   <div class='ocr_carea' id='block_1_55' title="bbox 165 5503 1748 5610">
    <p class='ocr_par' dir='ltr' id='par_1_55' title="bbox 165 5503 1748 5610">
     <span class='ocr_line' id='line_1_55' title="bbox 165 5503 1748 5610; baseline 0.022 -54"><span class='ocrx_word' id='word_1_388' title='bbox 165 5503 452 5575; x_wconf 78' lang='grc' dir='ltr'>στέρησιν.</span> <span class='ocrx_word' id='word_1_389' title='bbox 471 5509 681 5563; x_wconf 80' lang='grc' dir='ltr'>Οὐκοῦν</span> <span class='ocrx_word' id='word_1_390' title='bbox 704 5517 891 5577; x_wconf 90' lang='grc' dir='ltr'>κακῶς</span> <span class='ocrx_word' id='word_1_391' title='bbox 917 5525 1059 5573; x_wconf 88' lang='grc' dir='ltr'>ποιεῖ</span> <span class='ocrx_word' id='word_1_392' title='bbox 1083 5524 1390 5592; x_wconf 82' lang='grc' dir='ltr'>βασκαίνων</span> <span class='ocrx_word' id='word_1_393' title='bbox 1415 5535 1526 5598; x_wconf 81' lang='grc' dir='ltr'>τοῖς</span> <span class='ocrx_word' id='word_1_394' title='bbox 1554 5553 1748 5610; x_wconf 85' lang='grc' dir='ltr'>κατορ-</span> 
     </span>
    </p>
   </div>
   <div class='ocr_carea' id='block_1_56' title="bbox 163 5591 1746 5701">
    <p class='ocr_par' dir='ltr' id='par_1_56' title="bbox 163 5591 1746 5701">
     <span class='ocr_line' id='line_1_56' title="bbox 163 5591 1746 5701; baseline 0.023 -56"><span class='ocrx_word' id='word_1_395' title='bbox 163 5591 362 5648; x_wconf 69' lang='grc' dir='ltr'>θοῦσιν</span> <span class='ocrx_word' id='word_1_396' title='bbox 387 5597 416 5649; x_wconf 87' lang='grc' dir='ltr'>ὁ</span> <span class='ocrx_word' id='word_1_397' title='bbox 446 5597 742 5672; x_wconf 71' lang='grc' dir='ltr'>φθονερὸς.</span> <span class='ocrx_word' id='word_1_398' title='bbox 783 5605 869 5660; x_wconf 82' lang='grc' dir='ltr'>ἐπ’</span> <span class='ocrx_word' id='word_1_399' title='bbox 902 5611 1051 5682; x_wconf 80' lang='grc' dir='ltr'>αὐτῷ</span> <span class='ocrx_word' id='word_1_400' title='bbox 1095 5617 1317 5686; x_wconf 80' lang='grc' dir='ltr'>σαφῶς,</span> <span class='ocrx_word' id='word_1_401' title='bbox 1353 5623 1452 5675; x_wconf 82' lang='grc' dir='ltr'><strong>οὐκ</strong></span> <span class='ocrx_word' id='word_1_402' title='bbox 1484 5625 1570 5677; x_wconf 80' lang='grc' dir='ltr'>ἐπ’</span> <span class='ocrx_word' id='word_1_403' title='bbox 1604 5591 1746 5701; x_wconf 70' lang='grc' dir='ltr'>ἄλλῳ</span> 
     </span>
    </p>
   </div>
   <div class='ocr_carea' id='block_1_57' title="bbox 247 5769 699 5848">
    <p class='ocr_par' dir='ltr' id='par_1_57' title="bbox 247 5769 699 5848">
     <span class='ocr_line' id='line_1_57' title="bbox 247 5769 699 5848; baseline 0.013 -19"><span class='ocrx_word' id='word_1_404' title='bbox 247 5769 293 5805; x_wconf 79' lang='grc'><strong>⁸³</strong></span> <span class='ocrx_word' id='word_1_405' title='bbox 325 5771 484 5830; x_wconf 80' lang='lat' dir='ltr'><strong>Rom.</strong></span> <span class='ocrx_word' id='word_1_406' title='bbox 518 5795 607 5848; x_wconf 77' lang='lat' dir='ltr'><strong>xu,</strong></span> <span class='ocrx_word' id='word_1_407' title='bbox 653 5788 699 5847; x_wconf 56' lang='grc'>6,</span> 
     </span>
    </p>
   </div>
   <div class='ocr_carea' id='block_1_58' title="bbox 1910 624 3494 696">
    <p class='ocr_par' dir='ltr' id='par_1_58' title="bbox 1910 624 3494 696">
     <span class='ocr_line' id='line_1_58' title="bbox 1910 624 3494 696; baseline 0.004 -18"><span class='ocrx_word' id='word_1_408' title='bbox 1910 624 2092 693; x_wconf 88' lang='lat' dir='ltr'><strong>luptas</strong></span> <span class='ocrx_word' id='word_1_409' title='bbox 2142 626 2486 696; x_wconf 73' lang='lat' dir='ltr'><strong>indivisaque</strong></span> <span class='ocrx_word' id='word_1_410' title='bbox 2534 630 2664 682; x_wconf 91' lang='lat' dir='ltr'><strong>unio</strong></span> <span class='ocrx_word' id='word_1_411' title='bbox 2704 637 2812 682; x_wconf 85' lang='lat' dir='ltr'><strong>est.</strong></span> <span class='ocrx_word' id='word_1_412' title='bbox 2859 629 3120 683; x_wconf 83' lang='lat' dir='ltr'><strong>Veritatis</strong></span> <span class='ocrx_word' id='word_1_413' title='bbox 3169 640 3351 684; x_wconf 90' lang='lat' dir='ltr'><strong>autem</strong></span> <span class='ocrx_word' id='word_1_414' title='bbox 3394 648 3494 685; x_wconf 68' lang='lat' dir='ltr'><strong>no-</strong></span> 
     </span>
    </p>
   </div>
   <div class='ocr_carea' id='block_1_59' title="bbox 1907 714 3490 789">
    <p class='ocr_par' dir='ltr' id='par_1_59' title="bbox 1907 714 3490 789">
     <span class='ocr_line' id='line_1_59' title="bbox 1907 714 3490 789; baseline 0.004 -23"><span class='ocrx_word' id='word_1_415' title='bbox 1907 714 2077 780; x_wconf 85' lang='lat' dir='ltr'><strong>utine,</strong></span> <span class='ocrx_word' id='word_1_416' title='bbox 2137 718 2387 769; x_wconf 90' lang='lat' dir='ltr'><strong>omnium</strong></span> <span class='ocrx_word' id='word_1_417' title='bbox 2436 719 2781 782; x_wconf 90' lang='lat' dir='ltr'><strong>notitiarum,</strong></span> <span class='ocrx_word' id='word_1_418' title='bbox 2840 719 3192 789; x_wconf 73' lang='lat' dir='ltr'><strong>ipsorumque.</strong></span> <span class='ocrx_word' id='word_1_419' title='bbox 3243 720 3490 774; x_wconf 88' lang='lat' dir='ltr'><strong>onmium</strong></span> 
     </span>
    </p>
   </div>
   <div class='ocr_carea' id='block_1_60' title="bbox 1905 809 3488 879">
    <p class='ocr_par' dir='ltr' id='par_1_60' title="bbox 1905 809 3488 879">
     <span class='ocr_line' id='line_1_60' title="bbox 1905 809 3488 879; baseline 0.004 -23"><span class='ocrx_word' id='word_1_420' title='bbox 1905 819 2027 873; x_wconf 75' lang='lat' dir='ltr'><strong>qua:</strong></span> <span class='ocrx_word' id='word_1_421' title='bbox 2069 816 2376 860; x_wconf 87' lang='lat' dir='ltr'><strong>noscuntur</strong></span> <span class='ocrx_word' id='word_1_422' title='bbox 2409 815 2571 874; x_wconf 87' lang='lat' dir='ltr'><strong>atque</strong></span> <span class='ocrx_word' id='word_1_423' title='bbox 2609 809 2882 871; x_wconf 91' lang='lat' dir='ltr'><strong>sciuntur,</strong></span> <span class='ocrx_word' id='word_1_424' title='bbox 2923 810 3082 862; x_wconf 86' lang='lat' dir='ltr'><strong>liuent</strong></span> <span class='ocrx_word' id='word_1_425' title='bbox 3123 811 3488 879; x_wconf 73' lang='lat' dir='ltr'><strong>Significavit;</strong></span> 
     </span>
    </p>
   </div>
   <div class='ocr_carea' id='block_1_61' title="bbox 1907 881 3485 969">
    <p class='ocr_par' dir='ltr' id='par_1_61' title="bbox 1907 881 3485 969">
     <span class='ocr_line' id='line_1_61' title="bbox 1907 881 3485 969; baseline 0.006 -21"><span class='ocrx_word' id='word_1_426' title='bbox 1907 897 1960 948; x_wconf 93' lang='lat' dir='ltr'><strong>in</strong></span> <span class='ocrx_word' id='word_1_427' title='bbox 2003 881 2278 964; x_wconf 40' lang='lat' dir='ltr'><strong>quem,.ttt</strong></span> <span class='ocrx_word' id='word_1_428' title='bbox 2307 899 2640 968; x_wconf 86' lang='lat' dir='ltr'><strong>principium</strong></span> <span class='ocrx_word' id='word_1_429' title='bbox 2682 901 2955 969; x_wconf 84' lang='lat' dir='ltr'><strong>finemque</strong></span> <span class='ocrx_word' id='word_1_430' title='bbox 2998 915 3182 953; x_wconf 87' lang='lat' dir='ltr'><strong>rerum</strong></span> <span class='ocrx_word' id='word_1_431' title='bbox 3217 903 3485 967; x_wconf 89' lang='lat' dir='ltr'><strong>omnium,</strong></span> 
     </span>
    </p>
   </div>
   <div class='ocr_carea' id='block_1_62' title="bbox 1905 990 3484 1062">
    <p class='ocr_par' dir='ltr' id='par_1_62' title="bbox 1905 990 3484 1062">
     <span class='ocr_line' id='line_1_62' title="bbox 1905 990 3484 1062; baseline 0.005 -22"><span class='ocrx_word' id='word_1_432' title='bbox 1905 990 2181 1043; x_wconf 90' lang='lat' dir='ltr'><strong>naturales</strong></span> <span class='ocrx_word' id='word_1_433' title='bbox 2211 1000 2392 1044; x_wconf 88' lang='lat' dir='ltr'><strong>mottts</strong></span> <span class='ocrx_word' id='word_1_434' title='bbox 2406 992 2648 1060; x_wconf 83' lang='lat' dir='ltr'><strong>generali</strong></span> <span class='ocrx_word' id='word_1_435' title='bbox 2677 993 2910 1060; x_wconf 89' lang='lat' dir='ltr'><strong>quadam</strong></span> <span class='ocrx_word' id='word_1_436' title='bbox 2939 991 3151 1045; x_wconf 84' lang='lat' dir='ltr'><strong>ratione</strong></span> <span class='ocrx_word' id='word_1_437' title='bbox 3173 1005 3446 1062; x_wconf 82' lang='lat' dir='ltr'><strong>coguntur</strong></span> <span class='ocrx_word' id='word_1_438' title='bbox 3471 1012 3484 1048; x_wconf 90' lang='lat'><strong>:</strong></span> 
     </span>
    </p>
   </div>
   <div class='ocr_carea' id='block_1_63' title="bbox 1903 1083 3485 1152">
    <p class='ocr_par' dir='ltr' id='par_1_63' title="bbox 1903 1083 3485 1152">
     <span class='ocr_line' id='line_1_63' title="bbox 1903 1083 3485 1152; baseline 0.005 -21"><span class='ocrx_word' id='word_1_439' title='bbox 1903 1095 2028 1132; x_wconf 87' lang='lat' dir='ltr'><strong>cum</strong></span> <span class='ocrx_word' id='word_1_440' title='bbox 2063 1097 2256 1150; x_wconf 86' lang='lat' dir='ltr'><strong>nempe</strong></span> <span class='ocrx_word' id='word_1_441' title='bbox 2297 1084 2481 1138; x_wconf 88' lang='lat' dir='ltr'><strong>vincat</strong></span> <span class='ocrx_word' id='word_1_442' title='bbox 2521 1084 2704 1138; x_wconf 85' lang='lat' dir='ltr'><strong>omnia</strong></span> <span class='ocrx_word' id='word_1_443' title='bbox 2744 1092 3001 1152; x_wconf 89' lang='lat' dir='ltr'><strong>tanquam</strong></span> <span class='ocrx_word' id='word_1_444' title='bbox 3038 1083 3260 1145; x_wconf 87' lang='lat' dir='ltr'><strong>veritas,</strong></span> <span class='ocrx_word' id='word_1_445' title='bbox 3303 1101 3485 1139; x_wconf 83' lang='lat' dir='ltr'><strong>rerum</strong></span> 
     </span>
    </p>
   </div>
   <div class='ocr_carea' id='block_1_64' title="bbox 1905 1170 3488 1243">
    <p class='ocr_par' dir='ltr' id='par_1_64' title="bbox 1905 1170 3488 1243">
     <span class='ocr_line' id='line_1_64' title="bbox 1905 1170 3488 1243; baseline 0.004 -21"><span class='ocrx_word' id='word_1_446' title='bbox 1905 1170 2241 1239; x_wconf 82' lang='lat' dir='ltr'><strong>principium</strong></span> <span class='ocrx_word' id='word_1_447' title='bbox 2281 1188 2343 1226; x_wconf 90' lang='lat' dir='ltr'><strong>ac</strong></span> <span class='ocrx_word' id='word_1_448' title='bbox 2382 1188 2570 1236; x_wconf 90' lang='lat' dir='ltr'><strong>causa,</strong></span> <span class='ocrx_word' id='word_1_449' title='bbox 2612 1182 2668 1225; x_wconf 84' lang='lat' dir='ltr'><strong>et</strong></span> <span class='ocrx_word' id='word_1_450' title='bbox 2711 1174 2776 1226; x_wconf 88' lang='lat' dir='ltr'><strong>ad</strong></span> <span class='ocrx_word' id='word_1_451' title='bbox 2825 1188 2902 1237; x_wconf 90' lang='lat' dir='ltr'><strong>se,</strong></span> <span class='ocrx_word' id='word_1_452' title='bbox 2935 1189 3124 1228; x_wconf 90' lang='lat' dir='ltr'><strong>eorunt</strong></span> <span class='ocrx_word' id='word_1_453' title='bbox 3156 1189 3276 1243; x_wconf 76' lang='lat' dir='ltr'><strong>qutc</strong></span> <span class='ocrx_word' id='word_1_454' title='bbox 3308 1185 3488 1229; x_wconf 85' lang='lat' dir='ltr'><strong>creata</strong></span> 
     </span>
    </p>
   </div>
   <div class='ocr_carea' id='block_1_65' title="bbox 1903 1263 2765 1331">
    <p class='ocr_par' dir='ltr' id='par_1_65' title="bbox 1903 1263 2765 1331">
     <span class='ocr_line' id='line_1_65' title="bbox 1903 1263 2765 1331; baseline 0.002 -14"><span class='ocrx_word' id='word_1_455' title='bbox 1903 1270 2051 1322; x_wconf 88' lang='lat' dir='ltr'><strong>sunt,</strong></span> <span class='ocrx_word' id='word_1_456' title='bbox 2078 1263 2309 1331; x_wconf 80' lang='lat' dir='ltr'><strong>perinde</strong></span> <span class='ocrx_word' id='word_1_457' title='bbox 2331 1274 2537 1318; x_wconf 87' lang='lat' dir='ltr'><strong>motum</strong></span> <span class='ocrx_word' id='word_1_458' title='bbox 2566 1267 2765 1319; x_wconf 80' lang='lat' dir='ltr'><strong>trahat.</strong></span> 
     </span>
    </p>
   </div>
   <div class='ocr_carea' id='block_1_66' title="bbox 1973 1351 3488 1425">
    <p class='ocr_par' dir='ltr' id='par_1_66' title="bbox 1973 1351 3488 1425">
     <span class='ocr_line' id='line_1_66' title="bbox 1973 1351 3488 1425; baseline 0.004 -21"><span class='ocrx_word' id='word_1_459' title='bbox 1973 1352 2061 1404; x_wconf 70' lang='lat'><strong>5&#39;2.</strong></span> <span class='ocrx_word' id='word_1_460' title='bbox 2094 1351 2167 1404; x_wconf 78' lang='lat' dir='ltr'><strong>Ea</strong></span> <span class='ocrx_word' id='word_1_461' title='bbox 2197 1353 2493 1406; x_wconf 74' lang='lat' dir='ltr'><strong>multarum</strong></span> <span class='ocrx_word' id='word_1_462' title='bbox 2537 1355 2868 1422; x_wconf 77' lang='lat' dir='ltr'><strong>privatione,</strong></span> <span class='ocrx_word' id='word_1_463' title='bbox 2910 1371 3032 1425; x_wconf 75' lang='lat' dir='ltr'><strong>qua:</strong></span> <span class='ocrx_word' id='word_1_464' title='bbox 3071 1371 3169 1425; x_wconf 92' lang='lat' dir='ltr'><strong>per</strong></span> <span class='ocrx_word' id='word_1_465' title='bbox 3205 1357 3488 1412; x_wconf 80' lang='lat' dir='ltr'><strong>excellen-</strong></span> 
     </span>
    </p>
   </div>
   <div class='ocr_carea' id='block_1_67' title="bbox 1903 1441 3488 1516">
    <p class='ocr_par' dir='ltr' id='par_1_67' title="bbox 1903 1441 3488 1516">
     <span class='ocr_line' id='line_1_67' title="bbox 1903 1441 3488 1516; baseline 0.007 -23"><span class='ocrx_word' id='word_1_466' title='bbox 1903 1441 2033 1495; x_wconf 89' lang='lat' dir='ltr'><strong>tiam</strong></span> <span class='ocrx_word' id='word_1_467' title='bbox 2063 1453 2167 1506; x_wconf 90' lang='lat' dir='ltr'><strong>est,</strong></span> <span class='ocrx_word' id='word_1_468' title='bbox 2205 1443 2407 1497; x_wconf 79' lang='lat' dir='ltr'><strong>veritas</strong></span> <span class='ocrx_word' id='word_1_469' title='bbox 2453 1453 2513 1496; x_wconf 85' lang='lat' dir='ltr'><strong>ut</strong></span> <span class='ocrx_word' id='word_1_470' title='bbox 2557 1461 2724 1497; x_wconf 90' lang='lat' dir='ltr'><strong>unum</strong></span> <span class='ocrx_word' id='word_1_471' title='bbox 2769 1454 2826 1499; x_wconf 92' lang='lat' dir='ltr'><strong>et</strong></span> <span class='ocrx_word' id='word_1_472' title='bbox 2851 1447 3126 1516; x_wconf 83' lang='lat' dir='ltr'><strong>singulare</strong></span> <span class='ocrx_word' id='word_1_473' title='bbox 3153 1455 3349 1502; x_wconf 87' lang='lat' dir='ltr'><strong>natura</strong></span> <span class='ocrx_word' id='word_1_474' title='bbox 3388 1464 3488 1504; x_wconf 85' lang='lat' dir='ltr'><strong>sua</strong></span> 
     </span>
    </p>
   </div>
   <div class='ocr_carea' id='block_1_68' title="bbox 1901 1533 3484 1607">
    <p class='ocr_par' dir='ltr' id='par_1_68' title="bbox 1901 1533 3484 1607">
     <span class='ocr_line' id='line_1_68' title="bbox 1901 1533 3484 1607; baseline 0.006 -22"><span class='ocrx_word' id='word_1_475' title='bbox 1901 1533 2102 1594; x_wconf 88' lang='lat' dir='ltr'><strong>elucet,</strong></span> <span class='ocrx_word' id='word_1_476' title='bbox 2131 1536 2374 1588; x_wconf 82' lang='lat' dir='ltr'><strong>ott&#39;tnium</strong></span> <span class='ocrx_word' id='word_1_477' title='bbox 2405 1552 2527 1604; x_wconf 73' lang='lat' dir='ltr'><strong>qum</strong></span> <span class='ocrx_word' id='word_1_478' title='bbox 2553 1537 2860 1607; x_wconf 79' lang='lat' dir='ltr'><strong>intelligere</strong></span> <span class='ocrx_word' id='word_1_479' title='bbox 2883 1547 2980 1591; x_wconf 91' lang='lat' dir='ltr'><strong>aut</strong></span> <span class='ocrx_word' id='word_1_480' title='bbox 3013 1539 3245 1607; x_wconf 75' lang='lat' dir='ltr'><strong>intelligi</strong></span> <span class='ocrx_word' id='word_1_481' title='bbox 3276 1541 3484 1607; x_wconf 79' lang='lat' dir='ltr'><strong>valent,</strong></span> 
     </span>
    </p>
   </div>
   <div class='ocr_carea' id='block_1_69' title="bbox 1903 1624 3485 1701">
    <p class='ocr_par' dir='ltr' id='par_1_69' title="bbox 1903 1624 3485 1701">
     <span class='ocr_line' id='line_1_69' title="bbox 1903 1624 3485 1701; baseline 0.007 -25"><span class='ocrx_word' id='word_1_482' title='bbox 1903 1624 2239 1693; x_wconf 80' lang='lat' dir='ltr'><strong>intelligendi</strong></span> <span class='ocrx_word' id='word_1_483' title='bbox 2263 1627 2549 1681; x_wconf 88' lang='lat' dir='ltr'><strong>facultates</strong></span> <span class='ocrx_word' id='word_1_484' title='bbox 2573 1629 2865 1698; x_wconf 80' lang='lat' dir='ltr'><strong>obtegens;</strong></span> <span class='ocrx_word' id='word_1_485' title='bbox 2903 1631 3104 1700; x_wconf 88' lang='lat' dir='ltr'><strong>quippe</strong></span> <span class='ocrx_word' id='word_1_486' title='bbox 3138 1647 3259 1701; x_wconf 74' lang='lat' dir='ltr'><strong>qua:</strong></span> <span class='ocrx_word' id='word_1_487' title='bbox 3290 1647 3485 1701; x_wconf 89' lang='lat' dir='ltr'><strong>super-</strong></span> 
     </span>
    </p>
   </div>
   <div class='ocr_carea' id='block_1_70' title="bbox 1899 1716 3484 1792">
    <p class='ocr_par' dir='ltr' id='par_1_70' title="bbox 1899 1716 3484 1792">
     <span class='ocr_line' id='line_1_70' title="bbox 1899 1716 3484 1792; baseline 0.007 -24"><span class='ocrx_word' id='word_1_488' title='bbox 1899 1716 2174 1786; x_wconf 83' lang='lat' dir='ltr'><strong>essentiali</strong></span> <span class='ocrx_word' id='word_1_489' title='bbox 2223 1718 2562 1782; x_wconf 75' lang='lat' dir='ltr'><strong>exsistcnlia,</strong></span> <span class='ocrx_word' id='word_1_490' title='bbox 2597 1734 2719 1772; x_wconf 88' lang='lat' dir='ltr'><strong>cum</strong></span> <span class='ocrx_word' id='word_1_491' title='bbox 2747 1721 2855 1774; x_wconf 90' lang='lat' dir='ltr'><strong>illis</strong></span> <span class='ocrx_word' id='word_1_492' title='bbox 2875 1738 2996 1789; x_wconf 75' lang='lat' dir='ltr'><strong>qua:</strong></span> <span class='ocrx_word' id='word_1_493' title='bbox 3022 1723 3484 1792; x_wconf 82' lang='lat' dir='ltr'><strong>intelligunt,tum</strong></span> 
     </span>
    </p>
   </div>
   <div class='ocr_carea' id='block_1_71' title="bbox 1899 1807 3482 1883">
    <p class='ocr_par' dir='ltr' id='par_1_71' title="bbox 1899 1807 3482 1883">
     <span class='ocr_line' id='line_1_71' title="bbox 1899 1807 3482 1883; baseline 0.008 -25"><span class='ocrx_word' id='word_1_494' title='bbox 1899 1821 2020 1874; x_wconf 62' lang='lat' dir='ltr'><strong>quae</strong></span> <span class='ocrx_word' id='word_1_495' title='bbox 2059 1807 2466 1876; x_wconf 45' lang='lat' dir='ltr'><strong>it‘ttelliguntur,</strong></span> <span class='ocrx_word' id='word_1_496' title='bbox 2519 1810 2793 1876; x_wconf 90' lang='lat' dir='ltr'><strong>emineat;</strong></span> <span class='ocrx_word' id='word_1_497' title='bbox 2846 1812 3170 1882; x_wconf 76' lang='lat' dir='ltr'><strong>infinitaque</strong></span> <span class='ocrx_word' id='word_1_498' title='bbox 3215 1819 3482 1883; x_wconf 82' lang='lat' dir='ltr'><strong>potentia,</strong></span> 
     </span>
    </p>
   </div>
   <div class='ocr_carea' id='block_1_72' title="bbox 1901 1899 3482 1971">
    <p class='ocr_par' dir='ltr' id='par_1_72' title="bbox 1901 1899 3482 1971">
     <span class='ocr_line' id='line_1_72' title="bbox 1901 1899 3482 1971; baseline 0.008 -23"><span class='ocrx_word' id='word_1_499' title='bbox 1901 1911 2081 1949; x_wconf 84' lang='lat' dir='ltr'><strong>rerum</strong></span> <span class='ocrx_word' id='word_1_500' title='bbox 2134 1899 2506 1952; x_wconf 73' lang='lat' dir='ltr'><strong>extremitates</strong></span> <span class='ocrx_word' id='word_1_501' title='bbox 2561 1907 2617 1953; x_wconf 90' lang='lat' dir='ltr'><strong>et</strong></span> <span class='ocrx_word' id='word_1_502' title='bbox 2665 1902 2921 1971; x_wconf 89' lang='lat' dir='ltr'><strong>principii</strong></span> <span class='ocrx_word' id='word_1_503' title='bbox 2976 1903 3191 1958; x_wconf 79' lang='lat' dir='ltr'><strong>ratione</strong></span> <span class='ocrx_word' id='word_1_504' title='bbox 3242 1913 3298 1960; x_wconf 89' lang='lat' dir='ltr'><strong>et</strong></span> <span class='ocrx_word' id='word_1_505' title='bbox 3355 1905 3482 1961; x_wconf 90' lang='lat' dir='ltr'><strong>finis</strong></span> 
     </span>
    </p>
   </div>
   <div class='ocr_carea' id='block_1_73' title="bbox 1898 1987 3476 2053">
    <p class='ocr_par' dir='ltr' id='par_1_73' title="bbox 1898 1987 3476 2053">
     <span class='ocr_line' id='line_1_73' title="bbox 1898 1987 3476 2053; baseline 0.008 -13"><span class='ocrx_word' id='word_1_506' title='bbox 1898 1987 2433 2053; x_wconf 67' lang='lat' dir='ltr'><strong>cireun&#39;tscrihendo,</strong></span> <span class='ocrx_word' id='word_1_507' title='bbox 2476 2005 2694 2044; x_wconf 89' lang='lat' dir='ltr'><strong>omnetn</strong></span> <span class='ocrx_word' id='word_1_508' title='bbox 2745 1994 2992 2047; x_wconf 86' lang='lat' dir='ltr'><strong>oumium</strong></span> <span class='ocrx_word' id='word_1_509' title='bbox 3045 1995 3112 2048; x_wconf 89' lang='lat' dir='ltr'><strong>ad</strong></span> <span class='ocrx_word' id='word_1_510' title='bbox 3162 2011 3220 2050; x_wconf 92' lang='lat' dir='ltr'><strong>se</strong></span> <span class='ocrx_word' id='word_1_511' title='bbox 3263 2007 3476 2052; x_wconf 89' lang='lat' dir='ltr'><strong>motum</strong></span> 
     </span>
    </p>
   </div>
   <div class='ocr_carea' id='block_1_74' title="bbox 1897 2079 3480 2154">
    <p class='ocr_par' dir='ltr' id='par_1_74' title="bbox 1897 2079 3480 2154">
     <span class='ocr_line' id='line_1_74' title="bbox 1897 2079 3480 2154; baseline 0.008 -24"><span class='ocrx_word' id='word_1_512' title='bbox 1897 2079 2103 2147; x_wconf 84' lang='lat' dir='ltr'><strong>pariter</strong></span> <span class='ocrx_word' id='word_1_513' title='bbox 2131 2080 2313 2133; x_wconf 87' lang='lat' dir='ltr'><strong>trahat</strong></span> <span class='ocrx_word' id='word_1_514' title='bbox 2346 2097 2358 2133; x_wconf 93' lang='lat'>:</span> <span class='ocrx_word' id='word_1_515' title='bbox 2395 2080 2519 2134; x_wconf 90' lang='lat' dir='ltr'><strong>aliis</strong></span> <span class='ocrx_word' id='word_1_516' title='bbox 2550 2082 2773 2150; x_wconf 91' lang='lat' dir='ltr'><strong>quidem</strong></span> <span class='ocrx_word' id='word_1_517' title='bbox 2803 2085 2923 2153; x_wconf 92' lang='lat' dir='ltr'><strong>ejus</strong></span> <span class='ocrx_word' id='word_1_518' title='bbox 2943 2085 3132 2153; x_wconf 67' lang='lat' dir='ltr'><strong>gratiae</strong></span> <span class='ocrx_word' id='word_1_519' title='bbox 3154 2101 3261 2153; x_wconf 87' lang='lat' dir='ltr'><strong>qua</strong></span> <span class='ocrx_word' id='word_1_520' title='bbox 3281 2088 3480 2154; x_wconf 88' lang='lat' dir='ltr'><strong>privati</strong></span> 
     </span>
    </p>
   </div>
   <div class='ocr_carea' id='block_1_75' title="bbox 1895 2173 3483 2244">
    <p class='ocr_par' dir='ltr' id='par_1_75' title="bbox 1895 2173 3483 2244">
     <span class='ocr_line' id='line_1_75' title="bbox 1895 2173 3483 2244; baseline 0.006 -20"><span class='ocrx_word' id='word_1_521' title='bbox 1895 2179 2043 2235; x_wconf 90' lang='lat' dir='ltr'><strong>sunt,</strong></span> <span class='ocrx_word' id='word_1_522' title='bbox 2072 2173 2274 2225; x_wconf 91' lang='lat' dir='ltr'><strong>claram</strong></span> <span class='ocrx_word' id='word_1_523' title='bbox 2317 2175 2566 2227; x_wconf 88' lang='lat' dir='ltr'><strong>notitiam</strong></span> <span class='ocrx_word' id='word_1_524' title='bbox 2614 2175 2897 2244; x_wconf 64' lang='lat' dir='ltr'><strong>pra-hens;</strong></span> <span class='ocrx_word' id='word_1_525' title='bbox 2934 2177 3056 2232; x_wconf 90' lang='lat' dir='ltr'><strong>aliis</strong></span> <span class='ocrx_word' id='word_1_526' title='bbox 3094 2192 3245 2240; x_wconf 84' lang='lat' dir='ltr'><strong>vero,</strong></span> <span class='ocrx_word' id='word_1_527' title='bbox 3280 2193 3483 2233; x_wconf 88' lang='lat' dir='ltr'><strong>arcano</strong></span> 
     </span>
    </p>
   </div>
   <div class='ocr_carea' id='block_1_76' title="bbox 1894 2266 3482 2338">
    <p class='ocr_par' dir='ltr' id='par_1_76' title="bbox 1894 2266 3482 2338">
     <span class='ocr_line' id='line_1_76' title="bbox 1894 2266 3482 2338; baseline 0.006 -22"><span class='ocrx_word' id='word_1_528' title='bbox 1894 2274 2058 2317; x_wconf 70' lang='lat' dir='ltr'><strong>sensu</strong></span> <span class='ocrx_word' id='word_1_529' title='bbox 2087 2279 2149 2318; x_wconf 87' lang='lat' dir='ltr'><strong>ae</strong></span> <span class='ocrx_word' id='word_1_530' title='bbox 2174 2273 2359 2334; x_wconf 80' lang='lat' dir='ltr'><strong>gustu,</strong></span> <span class='ocrx_word' id='word_1_531' title='bbox 2397 2282 2515 2319; x_wconf 87' lang='lat' dir='ltr'><strong>eam</strong></span> <span class='ocrx_word' id='word_1_532' title='bbox 2547 2266 2869 2330; x_wconf 85' lang='lat' dir='ltr'><strong>bonitatem,</strong></span> <span class='ocrx_word' id='word_1_533' title='bbox 2908 2269 3066 2338; x_wconf 90' lang='lat' dir='ltr'><strong>cujus</strong></span> <span class='ocrx_word' id='word_1_534' title='bbox 3092 2269 3370 2324; x_wconf 86' lang='lat' dir='ltr'><strong>desiderio</strong></span> <span class='ocrx_word' id='word_1_535' title='bbox 3396 2280 3482 2326; x_wconf 90' lang='lat' dir='ltr'><strong>te-</strong></span> 
     </span>
    </p>
   </div>
   <div class='ocr_carea' id='block_1_77' title="bbox 1895 2356 3479 2430">
    <p class='ocr_par' dir='ltr' id='par_1_77' title="bbox 1895 2356 3479 2430">
     <span class='ocr_line' id='line_1_77' title="bbox 1895 2356 3479 2430; baseline 0.006 -22"><span class='ocrx_word' id='word_1_536' title='bbox 1895 2356 2192 2420; x_wconf 88' lang='lat' dir='ltr'><strong>nebantur,</strong></span> <span class='ocrx_word' id='word_1_537' title='bbox 2237 2373 2302 2411; x_wconf 78' lang='lat' dir='ltr'><strong>ex</strong></span> <span class='ocrx_word' id='word_1_538' title='bbox 2352 2358 2710 2427; x_wconf 86' lang='lat' dir='ltr'><strong>perceptione</strong></span> <span class='ocrx_word' id='word_1_539' title='bbox 2754 2359 3042 2414; x_wconf 82' lang='lat' dir='ltr'><strong>manifeste</strong></span> <span class='ocrx_word' id='word_1_540' title='bbox 3081 2362 3479 2430; x_wconf 78' lang='lat' dir='ltr'><strong>agnoscendam</strong></span> 
     </span>
    </p>
   </div>
   <div class='ocr_carea' id='block_1_78' title="bbox 1896 2445 2172 2498">
    <p class='ocr_par' dir='ltr' id='par_1_78' title="bbox 1896 2445 2172 2498">
     <span class='ocr_line' id='line_1_78' title="bbox 1896 2445 2172 2498; baseline 0.004 -1"><span class='ocrx_word' id='word_1_541' title='bbox 1896 2445 2172 2498; x_wconf 75' lang='lat' dir='ltr'><strong>tribuens.</strong></span> 
     </span>
    </p>
   </div>
   <div class='ocr_carea' id='block_1_79' title="bbox 1963 2535 3479 2610">
    <p class='ocr_par' dir='ltr' id='par_1_79' title="bbox 1963 2535 3479 2610">
     <span class='ocr_line' id='line_1_79' title="bbox 1963 2535 3479 2610; baseline 0.007 -21"><span class='ocrx_word' id='word_1_542' title='bbox 1963 2535 2051 2589; x_wconf 69' lang='grc'><strong>55.</strong></span> <span class='ocrx_word' id='word_1_543' title='bbox 2089 2536 2424 2601; x_wconf 87' lang='lat' dir='ltr'><strong>Intellectus,</strong></span> <span class='ocrx_word' id='word_1_544' title='bbox 2461 2539 2743 2608; x_wconf 68' lang='lat' dir='ltr'><strong>sapientia:</strong></span> <span class='ocrx_word' id='word_1_545' title='bbox 2767 2555 3065 2610; x_wconf 78' lang='lat' dir='ltr'><strong>organum;</strong></span> <span class='ocrx_word' id='word_1_546' title='bbox 3098 2545 3257 2607; x_wconf 84' lang='lat' dir='ltr'><strong>ratio,</strong></span> <span class='ocrx_word' id='word_1_547' title='bbox 3294 2546 3479 2600; x_wconf 81' lang='lat' dir='ltr'><strong>scien-</strong></span> 
     </span>
    </p>
   </div>
   <div class='ocr_carea' id='block_1_80' title="bbox 1894 2625 3479 2704">
    <p class='ocr_par' dir='ltr' id='par_1_80' title="bbox 1894 2625 3479 2704">
     <span class='ocr_line' id='line_1_80' title="bbox 1894 2625 3479 2704; baseline 0.009 -27"><span class='ocrx_word' id='word_1_548' title='bbox 1894 2625 2014 2690; x_wconf 66' lang='lat' dir='ltr'><strong>tia);</strong></span> <span class='ocrx_word' id='word_1_549' title='bbox 2089 2627 2377 2695; x_wconf 89' lang='lat' dir='ltr'><strong>utriusque</strong></span> <span class='ocrx_word' id='word_1_550' title='bbox 2447 2630 2715 2684; x_wconf 88' lang='lat' dir='ltr'><strong>naturalis</strong></span> <span class='ocrx_word' id='word_1_551' title='bbox 2785 2632 3081 2696; x_wconf 88' lang='lat' dir='ltr'><strong>certitudo,</strong></span> <span class='ocrx_word' id='word_1_552' title='bbox 3144 2633 3292 2696; x_wconf 89' lang='lat' dir='ltr'><strong>fidei,</strong></span> <span class='ocrx_word' id='word_1_553' title='bbox 3357 2651 3479 2704; x_wconf 71' lang='lat' dir='ltr'><strong>qua:</strong></span> 
     </span>
    </p>
   </div>
   <div class='ocr_carea' id='block_1_81' title="bbox 1893 2720 3477 2787">
    <p class='ocr_par' dir='ltr' id='par_1_81' title="bbox 1893 2720 3477 2787">
     <span class='ocr_line' id='line_1_81' title="bbox 1893 2720 3477 2787; baseline 0.006 -17"><span class='ocrx_word' id='word_1_554' title='bbox 1893 2726 2128 2786; x_wconf 85' lang='lat' dir='ltr'><strong>utraque</strong></span> <span class='ocrx_word' id='word_1_555' title='bbox 2156 2725 2388 2772; x_wconf 89' lang='lat' dir='ltr'><strong>constat.</strong></span> <span class='ocrx_word' id='word_1_556' title='bbox 2440 2720 2575 2773; x_wconf 88' lang='lat' dir='ltr'><strong>Doni</strong></span> <span class='ocrx_word' id='word_1_557' title='bbox 2617 2724 2935 2787; x_wconf 87' lang='lat' dir='ltr'><strong>sanitatum,</strong></span> <span class='ocrx_word' id='word_1_558' title='bbox 2976 2726 3244 2780; x_wconf 89' lang='lat' dir='ltr'><strong>naturalis</strong></span> <span class='ocrx_word' id='word_1_559' title='bbox 3280 2726 3477 2780; x_wconf 82' lang='lat' dir='ltr'><strong>huma-</strong></span> 
     </span>
    </p>
   </div>
   <div class='ocr_carea' id='block_1_82' title="bbox 1889 2807 3476 2881">
    <p class='ocr_par' dir='ltr' id='par_1_82' title="bbox 1889 2807 3476 2881">
     <span class='ocr_line' id='line_1_82' title="bbox 1889 2807 3476 2881; baseline 0.007 -21"><span class='ocrx_word' id='word_1_560' title='bbox 1889 2807 2035 2862; x_wconf 87' lang='lat' dir='ltr'><strong>nitas</strong></span> <span class='ocrx_word' id='word_1_561' title='bbox 2075 2823 2142 2862; x_wconf 89' lang='lat' dir='ltr'><strong>ac</strong></span> <span class='ocrx_word' id='word_1_562' title='bbox 2179 2809 2508 2879; x_wconf 80' lang='lat' dir='ltr'><strong>benignitas.</strong></span> <span class='ocrx_word' id='word_1_563' title='bbox 2554 2811 2724 2866; x_wconf 91' lang='lat' dir='ltr'><strong>Omne</strong></span> <span class='ocrx_word' id='word_1_564' title='bbox 2766 2815 2913 2867; x_wconf 88' lang='lat' dir='ltr'><strong>enim</strong></span> <span class='ocrx_word' id='word_1_565' title='bbox 2954 2815 3200 2870; x_wconf 86' lang='lat' dir='ltr'><strong>divinum</strong></span> <span class='ocrx_word' id='word_1_566' title='bbox 3246 2817 3476 2881; x_wconf 91' lang='lat' dir='ltr'><strong>donum,</strong></span> 
     </span>
    </p>
   </div>
   <div class='ocr_carea' id='block_1_83' title="bbox 1891 2900 3474 2980">
    <p class='ocr_par' dir='ltr' id='par_1_83' title="bbox 1891 2900 3474 2980">
     <span class='ocr_line' id='line_1_83' title="bbox 1891 2900 3474 2980; baseline 0.009 -27"><span class='ocrx_word' id='word_1_567' title='bbox 1891 2900 2148 2956; x_wconf 90' lang='lat' dir='ltr'><strong>idoneum</strong></span> <span class='ocrx_word' id='word_1_568' title='bbox 2186 2903 2239 2956; x_wconf 91' lang='lat' dir='ltr'><strong>in</strong></span> <span class='ocrx_word' id='word_1_569' title='bbox 2285 2904 2446 2957; x_wconf 85' lang='lat' dir='ltr'><strong>nobis</strong></span> <span class='ocrx_word' id='word_1_570' title='bbox 2475 2907 2958 2977; x_wconf 85' lang='lat' dir='ltr'><strong>commodumque,</strong></span> <span class='ocrx_word' id='word_1_571' title='bbox 2998 2909 3148 2964; x_wconf 91' lang='lat' dir='ltr'><strong>velut</strong></span> <span class='ocrx_word' id='word_1_572' title='bbox 3175 2912 3474 2980; x_wconf 84' lang='lat' dir='ltr'><strong>potentiam</strong></span> 
     </span>
    </p>
   </div>
   <div class='ocr_carea' id='block_1_84' title="bbox 1889 2991 3473 3069">
    <p class='ocr_par' dir='ltr' id='par_1_84' title="bbox 1889 2991 3473 3069">
     <span class='ocr_line' id='line_1_84' title="bbox 1889 2991 3473 3069; baseline 0.006 -26"><span class='ocrx_word' id='word_1_573' title='bbox 1889 2999 1986 3043; x_wconf 90' lang='lat' dir='ltr'><strong>aut</strong></span> <span class='ocrx_word' id='word_1_574' title='bbox 2014 2991 2261 3045; x_wconf 88' lang='lat' dir='ltr'><strong>habitum</strong></span> <span class='ocrx_word' id='word_1_575' title='bbox 2299 3009 2395 3047; x_wconf 84' lang='lat' dir='ltr'><strong>seu</strong></span> <span class='ocrx_word' id='word_1_576' title='bbox 2431 2994 2871 3063; x_wconf 86' lang='lat' dir='ltr'><strong>dispositionem,</strong></span> <span class='ocrx_word' id='word_1_577' title='bbox 2901 3013 3166 3069; x_wconf 82' lang='lat' dir='ltr'><strong>organum</strong></span> <span class='ocrx_word' id='word_1_578' title='bbox 3204 3000 3353 3055; x_wconf 91' lang='lat' dir='ltr'><strong>illius</strong></span> <span class='ocrx_word' id='word_1_579' title='bbox 3376 3017 3473 3055; x_wconf 56' lang='lat' dir='ltr'><strong>ca»</strong></span> 
     </span>
    </p>
   </div>
   <div class='ocr_carea' id='block_1_85' title="bbox 1890 3083 3472 3157">
    <p class='ocr_par' dir='ltr' id='par_1_85' title="bbox 1890 3083 3472 3157">
     <span class='ocr_line' id='line_1_85' title="bbox 1890 3083 3472 3157; baseline 0.008 -23"><span class='ocrx_word' id='word_1_580' title='bbox 1890 3096 1993 3149; x_wconf 76' lang='lat' dir='ltr'><strong>pax</strong></span> <span class='ocrx_word' id='word_1_581' title='bbox 2030 3083 2213 3138; x_wconf 87' lang='lat' dir='ltr'><strong>habet.</strong></span> <span class='ocrx_word' id='word_1_582' title='bbox 2245 3085 2492 3154; x_wconf 76' lang='lat' dir='ltr'><strong>Exempli</strong></span> <span class='ocrx_word' id='word_1_583' title='bbox 2531 3101 2715 3150; x_wconf 88' lang='lat' dir='ltr'><strong>causa,</strong></span> <span class='ocrx_word' id='word_1_584' title='bbox 2752 3089 2845 3157; x_wconf 93' lang='lat' dir='ltr'><strong>qui</strong></span> <span class='ocrx_word' id='word_1_585' title='bbox 2888 3089 2958 3142; x_wconf 88' lang='lat' dir='ltr'><strong>ab</strong></span> <span class='ocrx_word' id='word_1_586' title='bbox 2994 3090 3142 3144; x_wconf 88' lang='lat' dir='ltr'><strong>omni</strong></span> <span class='ocrx_word' id='word_1_587' title='bbox 3185 3106 3370 3145; x_wconf 90' lang='lat' dir='ltr'><strong>rerum</strong></span> <span class='ocrx_word' id='word_1_588' title='bbox 3415 3093 3472 3148; x_wconf 88' lang='lat' dir='ltr'><strong>in</strong></span> 
     </span>
    </p>
   </div>
   <div class='ocr_carea' id='block_1_86' title="bbox 1814 3174 3470 3260">
    <p class='ocr_par' dir='ltr' id='par_1_86' title="bbox 1814 3174 3470 3260">
     <span class='ocr_line' id='line_1_86' title="bbox 1814 3174 3470 3260; baseline 0.009 -37"><span class='ocrx_word' id='word_1_589' title='bbox 1814 3199 1856 3260; x_wconf 66' lang='grc' dir='ltr'>ϐ</span> <span class='ocrx_word' id='word_1_590' title='bbox 1891 3188 2110 3226; x_wconf 85' lang='lat' dir='ltr'><strong>sensum</strong></span> <span class='ocrx_word' id='word_1_591' title='bbox 2142 3174 2456 3229; x_wconf 89' lang='lat' dir='ltr'><strong>cadentium</strong></span> <span class='ocrx_word' id='word_1_592' title='bbox 2497 3179 2825 3246; x_wconf 82' lang='lat' dir='ltr'><strong>cogitatione</strong></span> <span class='ocrx_word' id='word_1_593' title='bbox 2870 3181 3112 3235; x_wconf 91' lang='lat' dir='ltr'><strong>animum</strong></span> <span class='ocrx_word' id='word_1_594' title='bbox 3138 3175 3470 3238; x_wconf 84' lang='lat' dir='ltr'><strong>emundave-</strong></span> 
     </span>
    </p>
   </div>
   <div class='ocr_carea' id='block_1_87' title="bbox 1889 3265 3469 3338">
    <p class='ocr_par' dir='ltr' id='par_1_87' title="bbox 1889 3265 3469 3338">
     <span class='ocr_line' id='line_1_87' title="bbox 1889 3265 3469 3338; baseline 0.009 -21"><span class='ocrx_word' id='word_1_595' title='bbox 1889 3265 1982 3327; x_wconf 90' lang='lat' dir='ltr'><strong>rit,</strong></span> <span class='ocrx_word' id='word_1_596' title='bbox 2021 3265 2344 3334; x_wconf 84' lang='lat' dir='ltr'><strong>sapientiam</strong></span> <span class='ocrx_word' id='word_1_597' title='bbox 2374 3268 2568 3337; x_wconf 88' lang='lat' dir='ltr'><strong>recipit</strong></span> <span class='ocrx_word' id='word_1_598' title='bbox 2601 3285 2614 3320; x_wconf 94' lang='lat'>:</span> <span class='ocrx_word' id='word_1_599' title='bbox 2658 3270 2750 3338; x_wconf 92' lang='lat' dir='ltr'><strong>qui</strong></span> <span class='ocrx_word' id='word_1_600' title='bbox 2783 3287 2914 3324; x_wconf 88' lang='lat' dir='ltr'><strong>vero</strong></span> <span class='ocrx_word' id='word_1_601' title='bbox 2950 3288 3142 3326; x_wconf 91' lang='lat' dir='ltr'><strong>eorum</strong></span> <span class='ocrx_word' id='word_1_602' title='bbox 3172 3274 3469 3332; x_wconf 84' lang='lat' dir='ltr'><strong>aﬂectuum</strong></span> 
     </span>
    </p>
   </div>
   <div class='ocr_carea' id='block_1_88' title="bbox 1886 3355 3467 3436">
    <p class='ocr_par' dir='ltr' id='par_1_88' title="bbox 1886 3355 3467 3436">
     <span class='ocr_line' id='line_1_88' title="bbox 1886 3355 3467 3436; baseline 0.009 -31"><span class='ocrx_word' id='word_1_603' title='bbox 1886 3355 1979 3421; x_wconf 90' lang='lat' dir='ltr'><strong>qui</strong></span> <span class='ocrx_word' id='word_1_604' title='bbox 2019 3371 2046 3407; x_wconf 87' lang='lat' dir='ltr'><strong>a</strong></span> <span class='ocrx_word' id='word_1_605' title='bbox 2080 3366 2273 3410; x_wconf 89' lang='lat' dir='ltr'><strong>natura</strong></span> <span class='ocrx_word' id='word_1_606' title='bbox 2300 3357 2460 3411; x_wconf 88' lang='lat' dir='ltr'><strong>nobis</strong></span> <span class='ocrx_word' id='word_1_607' title='bbox 2498 3359 2647 3413; x_wconf 88' lang='lat' dir='ltr'><strong>insiti</strong></span> <span class='ocrx_word' id='word_1_608' title='bbox 2687 3371 2815 3414; x_wconf 91' lang='lat' dir='ltr'><strong>sunt</strong></span> <span class='ocrx_word' id='word_1_609' title='bbox 2847 3362 2962 3431; x_wconf 69' lang='lat' dir='ltr'><strong>(ira:</strong></span> <span class='ocrx_word' id='word_1_610' title='bbox 2985 3363 3198 3419; x_wconf 87' lang='lat' dir='ltr'><strong>scilicet</strong></span> <span class='ocrx_word' id='word_1_611' title='bbox 3219 3374 3274 3418; x_wconf 91' lang='lat' dir='ltr'><strong>et</strong></span> <span class='ocrx_word' id='word_1_612' title='bbox 3307 3368 3467 3436; x_wconf 85' lang='lat' dir='ltr'><strong>cupi-</strong></span> 
     </span>
    </p>
   </div>
   <div class='ocr_carea' id='block_1_89' title="bbox 1885 3444 3464 3528">
    <p class='ocr_par' dir='ltr' id='par_1_89' title="bbox 1885 3444 3464 3528">
     <span class='ocr_line' id='line_1_89' title="bbox 1885 3444 3464 3528; baseline 0.011 -32"><span class='ocrx_word' id='word_1_613' title='bbox 1885 3444 2090 3510; x_wconf 88' lang='lat' dir='ltr'><strong>ditatis)</strong></span> <span class='ocrx_word' id='word_1_614' title='bbox 2151 3447 2416 3501; x_wconf 87' lang='lat' dir='ltr'><strong>rationem</strong></span> <span class='ocrx_word' id='word_1_615' title='bbox 2467 3449 2732 3506; x_wconf 86' lang='lat' dir='ltr'><strong>arbitram</strong></span> <span class='ocrx_word' id='word_1_616' title='bbox 2775 3453 3146 3520; x_wconf 88' lang='lat' dir='ltr'><strong>constituerit,</strong></span> <span class='ocrx_word' id='word_1_617' title='bbox 3192 3454 3354 3528; x_wconf 77' lang='lat'><strong>566</strong></span> <span class='ocrx_word' id='word_1_618' title='bbox 3414 3459 3464 3514; x_wconf 81' lang='lat' dir='ltr'><strong>is</strong></span> 
     </span>
    </p>
   </div>
   <div class='ocr_carea' id='block_1_90' title="bbox 1885 3536 3458 3607">
    <p class='ocr_par' dir='ltr' id='par_1_90' title="bbox 1885 3536 3458 3607">
     <span class='ocr_line' id='line_1_90' title="bbox 1885 3536 3458 3607; baseline 0.009 -19"><span class='ocrx_word' id='word_1_619' title='bbox 1885 3536 2170 3589; x_wconf 84' lang='lat' dir='ltr'><strong>scientiam</strong></span> <span class='ocrx_word' id='word_1_620' title='bbox 2202 3538 2439 3606; x_wconf 88' lang='lat' dir='ltr'><strong>accipit:</strong></span> <span class='ocrx_word' id='word_1_621' title='bbox 2473 3540 2567 3607; x_wconf 91' lang='lat' dir='ltr'><strong>qui</strong></span> <span class='ocrx_word' id='word_1_622' title='bbox 2595 3550 2776 3594; x_wconf 88' lang='lat' dir='ltr'><strong>autem</strong></span> <span class='ocrx_word' id='word_1_623' title='bbox 2807 3552 2990 3596; x_wconf 90' lang='lat' dir='ltr'><strong>mente</strong></span> <span class='ocrx_word' id='word_1_624' title='bbox 3021 3559 3084 3597; x_wconf 90' lang='lat' dir='ltr'><strong>ac</strong></span> <span class='ocrx_word' id='word_1_625' title='bbox 3121 3545 3332 3601; x_wconf 89' lang='lat' dir='ltr'><strong>ratione</strong></span> <span class='ocrx_word' id='word_1_626' title='bbox 3373 3547 3458 3601; x_wconf 75' lang='lat' dir='ltr'><strong>in~</strong></span> 
     </span>
    </p>
   </div>
   <div class='ocr_carea' id='block_1_91' title="bbox 1883 3629 3462 3704">
    <p class='ocr_par' dir='ltr' id='par_1_91' title="bbox 1883 3629 3462 3704">
     <span class='ocr_line' id='line_1_91' title="bbox 1883 3629 3462 3704; baseline 0.01 -24"><span class='ocrx_word' id='word_1_627' title='bbox 1883 3643 2200 3682; x_wconf 80' lang='lat' dir='ltr'><strong>concussam</strong></span> <span class='ocrx_word' id='word_1_628' title='bbox 2232 3629 2377 3683; x_wconf 88' lang='lat' dir='ltr'><strong>circa</strong></span> <span class='ocrx_word' id='word_1_629' title='bbox 2405 3630 2587 3685; x_wconf 85' lang='lat' dir='ltr'><strong>divina</strong></span> <span class='ocrx_word' id='word_1_630' title='bbox 2624 3633 3013 3689; x_wconf 86' lang='lat' dir='ltr'><strong>certitttdinem</strong></span> <span class='ocrx_word' id='word_1_631' title='bbox 3049 3647 3244 3692; x_wconf 91' lang='lat' dir='ltr'><strong>nactus</strong></span> <span class='ocrx_word' id='word_1_632' title='bbox 3276 3649 3380 3704; x_wconf 87' lang='lat' dir='ltr'><strong>est,</strong></span> <span class='ocrx_word' id='word_1_633' title='bbox 3417 3641 3462 3696; x_wconf 87' lang='lat' dir='ltr'><strong>is</strong></span> 
     </span>
    </p>
   </div>
   <div class='ocr_carea' id='block_1_92' title="bbox 1882 3719 3462 3800">
    <p class='ocr_par' dir='ltr' id='par_1_92' title="bbox 1882 3719 3462 3800">
     <span class='ocr_line' id='line_1_92' title="bbox 1882 3719 3462 3800; baseline 0.009 -30"><span class='ocrx_word' id='word_1_634' title='bbox 1882 3719 2030 3780; x_wconf 67' lang='lat' dir='ltr'><strong>fidei,</strong></span> <span class='ocrx_word' id='word_1_635' title='bbox 2059 3736 2180 3789; x_wconf 76' lang='lat' dir='ltr'><strong>qua:</strong></span> <span class='ocrx_word' id='word_1_636' title='bbox 2215 3721 2398 3775; x_wconf 91' lang='lat' dir='ltr'><strong>omnia</strong></span> <span class='ocrx_word' id='word_1_637' title='bbox 2435 3730 2636 3792; x_wconf 86' lang='lat' dir='ltr'><strong>potest,</strong></span> <span class='ocrx_word' id='word_1_638' title='bbox 2676 3739 2900 3794; x_wconf 90' lang='lat' dir='ltr'><strong>compos</strong></span> <span class='ocrx_word' id='word_1_639' title='bbox 2923 3726 3158 3782; x_wconf 84' lang='lat' dir='ltr'><strong>efIieitur</strong></span> <span class='ocrx_word' id='word_1_640' title='bbox 3184 3747 3197 3783; x_wconf 92' lang='lat'>:</span> <span class='ocrx_word' id='word_1_641' title='bbox 3224 3732 3318 3800; x_wconf 88' lang='lat' dir='ltr'><strong>qtti</strong></span> <span class='ocrx_word' id='word_1_642' title='bbox 3364 3733 3462 3785; x_wconf 85' lang='lat' dir='ltr'><strong>de-</strong></span> 
     </span>
    </p>
   </div>
   <div class='ocr_carea' id='block_1_93' title="bbox 1880 3815 3463 3887">
    <p class='ocr_par' dir='ltr' id='par_1_93' title="bbox 1880 3815 3463 3887">
     <span class='ocr_line' id='line_1_93' title="bbox 1880 3815 3463 3887; baseline 0.009 -18"><span class='ocrx_word' id='word_1_643' title='bbox 1880 3815 2047 3884; x_wconf 89' lang='lat' dir='ltr'><strong>nique</strong></span> <span class='ocrx_word' id='word_1_644' title='bbox 2081 3819 2296 3871; x_wconf 88' lang='lat' dir='ltr'><strong>sublato</strong></span> <span class='ocrx_word' id='word_1_645' title='bbox 2330 3817 2570 3887; x_wconf 81' lang='lat' dir='ltr'><strong>perfecte</strong></span> <span class='ocrx_word' id='word_1_646' title='bbox 2596 3835 2739 3875; x_wconf 62' lang='lat' dir='ltr'><strong>caeco</strong></span> <span class='ocrx_word' id='word_1_647' title='bbox 2784 3822 2868 3875; x_wconf 90' lang='lat' dir='ltr'><strong>sui</strong></span> <span class='ocrx_word' id='word_1_648' title='bbox 2915 3838 3100 3878; x_wconf 89' lang='lat' dir='ltr'><strong>amore</strong></span> <span class='ocrx_word' id='word_1_649' title='bbox 3143 3839 3208 3878; x_wconf 89' lang='lat' dir='ltr'><strong>ac</strong></span> <span class='ocrx_word' id='word_1_650' title='bbox 3249 3824 3463 3886; x_wconf 76' lang='lat' dir='ltr'><strong>carnali</strong></span> 
     </span>
    </p>
   </div>
   <div class='ocr_carea' id='block_1_94' title="bbox 1881 3909 3462 3986">
    <p class='ocr_par' dir='ltr' id='par_1_94' title="bbox 1881 3909 3462 3986">
     <span class='ocr_line' id='line_1_94' title="bbox 1881 3909 3462 3986; baseline 0.01 -26"><span class='ocrx_word' id='word_1_651' title='bbox 1881 3910 2191 3978; x_wconf 72' lang='grc' dir='ltr'>(φιλαυτίαν</span> <span class='ocrx_word' id='word_1_652' title='bbox 2223 3909 2440 3979; x_wconf 89' lang='lat' dir='ltr'><strong>vocant)</strong></span> <span class='ocrx_word' id='word_1_653' title='bbox 2476 3913 2780 3967; x_wconf 87' lang='lat' dir='ltr'><strong>naturalem</strong></span> <span class='ocrx_word' id='word_1_654' title='bbox 2801 3914 3193 3969; x_wconf 85' lang='lat' dir='ltr'><strong>humanitatem</strong></span> <span class='ocrx_word' id='word_1_655' title='bbox 3226 3914 3462 3986; x_wconf 79' lang='lat' dir='ltr'><strong>adeptus</strong></span> 
     </span>
    </p>
   </div>
   <div class='ocr_carea' id='block_1_95' title="bbox 1877 4003 2817 4075">
    <p class='ocr_par' dir='ltr' id='par_1_95' title="bbox 1877 4003 2817 4075">
     <span class='ocr_line' id='line_1_95' title="bbox 1877 4003 2817 4075; baseline 0.004 -18"><span class='ocrx_word' id='word_1_656' title='bbox 1877 4011 1982 4064; x_wconf 89' lang='lat' dir='ltr'><strong>est,</strong></span> <span class='ocrx_word' id='word_1_657' title='bbox 2013 4003 2058 4056; x_wconf 88' lang='lat' dir='ltr'><strong>is</strong></span> <span class='ocrx_word' id='word_1_658' title='bbox 2079 4003 2238 4058; x_wconf 91' lang='lat' dir='ltr'><strong>donis</strong></span> <span class='ocrx_word' id='word_1_659' title='bbox 2259 4005 2552 4058; x_wconf 90' lang='lat' dir='ltr'><strong>sanitatum</strong></span> <span class='ocrx_word' id='word_1_660' title='bbox 2591 4008 2817 4075; x_wconf 84' lang='lat' dir='ltr'><strong>potitur.</strong></span> 
     </span>
    </p>
   </div>
   <div class='ocr_carea' id='block_1_96' title="bbox 1946 4094 3460 4172">
    <p class='ocr_par' dir='ltr' id='par_1_96' title="bbox 1946 4094 3460 4172">
     <span class='ocr_line' id='line_1_96' title="bbox 1946 4094 3460 4172; baseline 0.007 -25"><span class='ocrx_word' id='word_1_661' title='bbox 1946 4095 2033 4148; x_wconf 66' lang='grc'>5-4.</span> <span class='ocrx_word' id='word_1_662' title='bbox 2065 4094 2310 4164; x_wconf 86' lang='lat' dir='ltr'><strong>Quisque</strong></span> <span class='ocrx_word' id='word_1_663' title='bbox 2331 4108 2602 4160; x_wconf 89' lang='lat' dir='ltr'><strong>nostrum,</strong></span> <span class='ocrx_word' id='word_1_664' title='bbox 2644 4113 2742 4167; x_wconf 83' lang='lat' dir='ltr'><strong>pro</strong></span> <span class='ocrx_word' id='word_1_665' title='bbox 2768 4100 2886 4169; x_wconf 89' lang='lat' dir='ltr'><strong>ejus</strong></span> <span class='ocrx_word' id='word_1_666' title='bbox 2921 4098 3046 4153; x_wconf 89' lang='lat' dir='ltr'><strong>fidei</strong></span> <span class='ocrx_word' id='word_1_667' title='bbox 3071 4101 3304 4167; x_wconf 88' lang='lat' dir='ltr'><strong>ratione,</strong></span> <span class='ocrx_word' id='word_1_668' title='bbox 3337 4120 3460 4172; x_wconf 66' lang='lat' dir='ltr'><strong>qua)</strong></span> 
     </span>
    </p>
   </div>
   <div class='ocr_carea' id='block_1_97' title="bbox 1877 4183 3464 4263">
    <p class='ocr_par' dir='ltr' id='par_1_97' title="bbox 1877 4183 3464 4263">
     <span class='ocr_line' id='line_1_97' title="bbox 1877 4183 3464 4263; baseline 0.007 -27"><span class='ocrx_word' id='word_1_669' title='bbox 1877 4183 1932 4236; x_wconf 93' lang='lat' dir='ltr'><strong>in</strong></span> <span class='ocrx_word' id='word_1_670' title='bbox 1963 4183 2082 4251; x_wconf 87' lang='lat' dir='ltr'><strong>ipso</strong></span> <span class='ocrx_word' id='word_1_671' title='bbox 2115 4193 2219 4247; x_wconf 89' lang='lat' dir='ltr'><strong>est,</strong></span> <span class='ocrx_word' id='word_1_672' title='bbox 2263 4185 2608 4240; x_wconf 83' lang='lat' dir='ltr'><strong>manifestam</strong></span> <span class='ocrx_word' id='word_1_673' title='bbox 2654 4189 2994 4243; x_wconf 86' lang='lat' dir='ltr'><strong>nanciscitur</strong></span> <span class='ocrx_word' id='word_1_674' title='bbox 3038 4189 3278 4260; x_wconf 89' lang='lat' dir='ltr'><strong>Spiritus</strong></span> <span class='ocrx_word' id='word_1_675' title='bbox 3320 4210 3464 4263; x_wconf 54' lang='lat' dir='ltr'><strong>opeu</strong></span> 
     </span>
    </p>
   </div>
   <div class='ocr_carea' id='block_1_98' title="bbox 1875 4273 3452 4350">
    <p class='ocr_par' dir='ltr' id='par_1_98' title="bbox 1875 4273 3452 4350">
     <span class='ocr_line' id='line_1_98' title="bbox 1875 4273 3452 4350; baseline 0.008 -25"><span class='ocrx_word' id='word_1_676' title='bbox 1875 4273 2164 4327; x_wconf 88' lang='lat' dir='ltr'><strong>rationem.</strong></span> <span class='ocrx_word' id='word_1_677' title='bbox 2197 4275 2453 4338; x_wconf 89' lang='lat' dir='ltr'><strong>Proinde,</strong></span> <span class='ocrx_word' id='word_1_678' title='bbox 2486 4292 2596 4330; x_wconf 74' lang='lat' dir='ltr'><strong>suae</strong></span> <span class='ocrx_word' id='word_1_679' title='bbox 2626 4278 2878 4347; x_wconf 89' lang='lat' dir='ltr'><strong>quisquis</strong></span> <span class='ocrx_word' id='word_1_680' title='bbox 2899 4280 3084 4350; x_wconf 69' lang='lat' dir='ltr'><strong>gratia:</strong></span> <span class='ocrx_word' id='word_1_681' title='bbox 3115 4282 3323 4337; x_wconf 88' lang='lat' dir='ltr'><strong>arbiter</strong></span> <span class='ocrx_word' id='word_1_682' title='bbox 3346 4294 3452 4347; x_wconf 79' lang='lat' dir='ltr'><strong>est,</strong></span> 
     </span>
    </p>
   </div>
   <div class='ocr_carea' id='block_1_99' title="bbox 1873 4363 3458 4437">
    <p class='ocr_par' dir='ltr' id='par_1_99' title="bbox 1873 4363 3458 4437">
     <span class='ocr_line' id='line_1_99' title="bbox 1873 4363 3458 4437; baseline 0.003 -21"><span class='ocrx_word' id='word_1_683' title='bbox 1873 4379 1978 4417; x_wconf 91' lang='lat' dir='ltr'><strong>nec</strong></span> <span class='ocrx_word' id='word_1_684' title='bbox 2019 4363 2162 4418; x_wconf 90' lang='lat' dir='ltr'><strong>ttlltts</strong></span> <span class='ocrx_word' id='word_1_685' title='bbox 2197 4379 2440 4434; x_wconf 91' lang='lat' dir='ltr'><strong>unquam</strong></span> <span class='ocrx_word' id='word_1_686' title='bbox 2466 4367 2582 4420; x_wconf 91' lang='lat' dir='ltr'><strong>sani</strong></span> <span class='ocrx_word' id='word_1_687' title='bbox 2613 4368 2808 4437; x_wconf 90' lang='lat' dir='ltr'><strong>capitis</strong></span> <span class='ocrx_word' id='word_1_688' title='bbox 2847 4384 2914 4422; x_wconf 92' lang='lat' dir='ltr'><strong>eo</strong></span> <span class='ocrx_word' id='word_1_689' title='bbox 2939 4371 3162 4425; x_wconf 90' lang='lat' dir='ltr'><strong>nomine</strong></span> <span class='ocrx_word' id='word_1_690' title='bbox 3187 4372 3279 4426; x_wconf 90' lang='lat' dir='ltr'><strong>alii</strong></span> <span class='ocrx_word' id='word_1_691' title='bbox 3316 4373 3458 4426; x_wconf 73' lang='lat' dir='ltr'><strong>iuvi-</strong></span> 
     </span>
    </p>
   </div>
   <div class='ocr_carea' id='block_1_100' title="bbox 1871 4458 3454 4536">
    <p class='ocr_par' dir='ltr' id='par_1_100' title="bbox 1871 4458 3454 4536">
     <span class='ocr_line' id='line_1_100' title="bbox 1871 4458 3454 4536; baseline 0.006 -24"><span class='ocrx_word' id='word_1_692' title='bbox 1871 4458 2035 4520; x_wconf 87' lang='lat' dir='ltr'><strong>derit,</strong></span> <span class='ocrx_word' id='word_1_693' title='bbox 2066 4459 2212 4528; x_wconf 92' lang='lat' dir='ltr'><strong>quod</strong></span> <span class='ocrx_word' id='word_1_694' title='bbox 2247 4461 2440 4530; x_wconf 72' lang='lat' dir='ltr'><strong>gratiis</strong></span> <span class='ocrx_word' id='word_1_695' title='bbox 2477 4460 2715 4530; x_wconf 81' lang='lat' dir='ltr'><strong>fulgeat;</strong></span> <span class='ocrx_word' id='word_1_696' title='bbox 2758 4463 2961 4532; x_wconf 89' lang='lat' dir='ltr'><strong>quippe</strong></span> <span class='ocrx_word' id='word_1_697' title='bbox 2997 4480 3122 4518; x_wconf 93' lang='lat' dir='ltr'><strong>cum</strong></span> <span class='ocrx_word' id='word_1_698' title='bbox 3164 4465 3454 4536; x_wconf 80' lang='lat' dir='ltr'><strong>dispositio</strong></span> 
     </span>
    </p>
   </div>
   <div class='ocr_carea' id='block_1_101' title="bbox 1803 4534 3456 4626">
    <p class='ocr_par' dir='ltr' id='par_1_101' title="bbox 1803 4534 3456 4626">
     <span class='ocr_line' id='line_1_101' title="bbox 1803 4534 3456 4626; baseline 0.008 -23"><span class='ocrx_word' id='word_1_699' title='bbox 1803 4534 1845 4589; x_wconf 77' lang='lat' dir='ltr'><strong>D</strong></span> <span class='ocrx_word' id='word_1_700' title='bbox 1873 4552 2150 4620; x_wconf 88' lang='lat' dir='ltr'><strong>animique</strong></span> <span class='ocrx_word' id='word_1_701' title='bbox 2181 4553 2400 4606; x_wconf 76' lang='lat' dir='ltr'><strong>affectio</strong></span> <span class='ocrx_word' id='word_1_702' title='bbox 2424 4554 2734 4609; x_wconf 83' lang='lat' dir='ltr'><strong>divinorum</strong></span> <span class='ocrx_word' id='word_1_703' title='bbox 2757 4572 2925 4626; x_wconf 75' lang='lat' dir='ltr'><strong>capax</strong></span> <span class='ocrx_word' id='word_1_704' title='bbox 2962 4559 3254 4626; x_wconf 89' lang='lat' dir='ltr'><strong>bonorum,</strong></span> <span class='ocrx_word' id='word_1_705' title='bbox 3295 4561 3351 4615; x_wconf 93' lang='lat' dir='ltr'><strong>in</strong></span> <span class='ocrx_word' id='word_1_706' title='bbox 3379 4562 3456 4616; x_wconf 45' lang='lat' dir='ltr'><strong>il‘</strong></span> 
     </span>
    </p>
   </div>
   <div class='ocr_carea' id='block_1_102' title="bbox 1871 4644 2742 4700">
    <p class='ocr_par' dir='ltr' id='par_1_102' title="bbox 1871 4644 2742 4700">
     <span class='ocr_line' id='line_1_102' title="bbox 1871 4644 2742 4700; baseline 0.002 -2"><span class='ocrx_word' id='word_1_707' title='bbox 1871 4645 1978 4698; x_wconf 81' lang='lat' dir='ltr'><strong>lius</strong></span> <span class='ocrx_word' id='word_1_708' title='bbox 2012 4644 2204 4699; x_wconf 91' lang='lat' dir='ltr'><strong>sitsita</strong></span> <span class='ocrx_word' id='word_1_709' title='bbox 2230 4645 2406 4698; x_wconf 89' lang='lat' dir='ltr'><strong>libera</strong></span> <span class='ocrx_word' id='word_1_710' title='bbox 2437 4647 2742 4700; x_wconf 89' lang='lat' dir='ltr'><strong>voluntate.</strong></span> 
     </span>
    </p>
   </div>
   <div class='ocr_carea' id='block_1_103' title="bbox 1940 4734 3446 4799">
    <p class='ocr_par' dir='ltr' id='par_1_103' title="bbox 1940 4734 3446 4799">
     <span class='ocr_line' id='line_1_103' title="bbox 1940 4734 3446 4799; baseline 0.007 -10"><span class='ocrx_word' id='word_1_711' title='bbox 1940 4735 2026 4789; x_wconf 76' lang='grc'><strong>55.</strong></span> <span class='ocrx_word' id='word_1_712' title='bbox 2068 4734 2298 4789; x_wconf 88' lang='lat' dir='ltr'><strong>Causam</strong></span> <span class='ocrx_word' id='word_1_713' title='bbox 2321 4752 2441 4790; x_wconf 86' lang='lat' dir='ltr'><strong>esse</strong></span> <span class='ocrx_word' id='word_1_714' title='bbox 2466 4737 2542 4792; x_wconf 90' lang='lat' dir='ltr'><strong>ait</strong></span> <span class='ocrx_word' id='word_1_715' title='bbox 2572 4738 2983 4795; x_wconf 89' lang='lat' dir='ltr'><strong>distributionis</strong></span> <span class='ocrx_word' id='word_1_716' title='bbox 3004 4741 3317 4798; x_wconf 85' lang='lat' dir='ltr'><strong>divinorum</strong></span> <span class='ocrx_word' id='word_1_717' title='bbox 3343 4743 3446 4799; x_wconf 76' lang='lat' dir='ltr'><strong>bo—</strong></span> 
     </span>
    </p>
   </div>
   <div class='ocr_carea' id='block_1_104' title="bbox 1869 4827 3446 4899">
    <p class='ocr_par' dir='ltr' id='par_1_104' title="bbox 1869 4827 3446 4899">
     <span class='ocr_line' id='line_1_104' title="bbox 1869 4827 3446 4899; baseline 0.006 -17"><span class='ocrx_word' id='word_1_718' title='bbox 1869 4843 2086 4891; x_wconf 90' lang='lat' dir='ltr'><strong>norum,</strong></span> <span class='ocrx_word' id='word_1_719' title='bbox 2121 4827 2244 4882; x_wconf 87' lang='lat' dir='ltr'><strong>fidei</strong></span> <span class='ocrx_word' id='word_1_720' title='bbox 2275 4830 2539 4899; x_wconf 89' lang='lat' dir='ltr'><strong>cujusque</strong></span> <span class='ocrx_word' id='word_1_721' title='bbox 2585 4847 2897 4884; x_wconf 88' lang='lat' dir='ltr'><strong>mensuram</strong></span> <span class='ocrx_word' id='word_1_722' title='bbox 2937 4833 3004 4887; x_wconf 78' lang='grc'><strong>⁸³.</strong></span> <span class='ocrx_word' id='word_1_723' title='bbox 3054 4834 3159 4888; x_wconf 87' lang='lat' dir='ltr'><strong>Pro</strong></span> <span class='ocrx_word' id='word_1_724' title='bbox 3188 4849 3254 4889; x_wconf 88' lang='lat' dir='ltr'><strong>eo</strong></span> <span class='ocrx_word' id='word_1_725' title='bbox 3297 4837 3446 4891; x_wconf 86' lang='lat' dir='ltr'><strong>enim</strong></span> 
     </span>
    </p>
   </div>
   <div class='ocr_carea' id='block_1_105' title="bbox 1858 4919 3445 4993">
    <p class='ocr_par' dir='ltr' id='par_1_105' title="bbox 1858 4919 3445 4993">
     <span class='ocr_line' id='line_1_105' title="bbox 1858 4919 3445 4993; baseline 0.006 -20"><span class='ocrx_word' id='word_1_726' title='bbox 1858 4934 1920 4973; x_wconf 87' lang='lat' dir='ltr'><strong>ac</strong></span> <span class='ocrx_word' id='word_1_727' title='bbox 1947 4919 2244 4982; x_wconf 89' lang='lat' dir='ltr'><strong>credimus,</strong></span> <span class='ocrx_word' id='word_1_728' title='bbox 2271 4921 2437 4974; x_wconf 88' lang='lat' dir='ltr'><strong>etiam</strong></span> <span class='ocrx_word' id='word_1_729' title='bbox 2464 4921 2530 4974; x_wconf 88' lang='lat' dir='ltr'><strong>ad</strong></span> <span class='ocrx_word' id='word_1_730' title='bbox 2558 4922 2827 4991; x_wconf 85' lang='lat' dir='ltr'><strong>agendum</strong></span> <span class='ocrx_word' id='word_1_731' title='bbox 2855 4925 3077 4993; x_wconf 88' lang='lat' dir='ltr'><strong>majoris</strong></span> <span class='ocrx_word' id='word_1_732' title='bbox 3105 4925 3213 4979; x_wconf 83' lang='lat' dir='ltr'><strong>vim</strong></span> <span class='ocrx_word' id='word_1_733' title='bbox 3245 4927 3445 4982; x_wconf 81' lang='lat' dir='ltr'><strong>alaeri—</strong></span> 
     </span>
    </p>
   </div>
   <div class='ocr_carea' id='block_1_106' title="bbox 1856 5009 3443 5087">
    <p class='ocr_par' dir='ltr' id='par_1_106' title="bbox 1856 5009 3443 5087">
     <span class='ocr_line' id='line_1_106' title="bbox 1856 5009 3443 5087; baseline 0.006 -24"><span class='ocrx_word' id='word_1_734' title='bbox 1856 5011 1982 5064; x_wconf 89' lang='lat' dir='ltr'><strong>tatis</strong></span> <span class='ocrx_word' id='word_1_735' title='bbox 2006 5009 2288 5065; x_wconf 88' lang='lat' dir='ltr'><strong>habemus.</strong></span> <span class='ocrx_word' id='word_1_736' title='bbox 2335 5013 2438 5076; x_wconf 76' lang='lat' dir='ltr'><strong>Qui</strong></span> <span class='ocrx_word' id='word_1_737' title='bbox 2477 5029 2607 5083; x_wconf 79' lang='lat' dir='ltr'><strong>ergo</strong></span> <span class='ocrx_word' id='word_1_738' title='bbox 2638 5015 2855 5069; x_wconf 83' lang='lat' dir='ltr'><strong>actione</strong></span> <span class='ocrx_word' id='word_1_739' title='bbox 2900 5015 3168 5083; x_wconf 71' lang='lat' dir='ltr'><strong>fungitur,</strong></span> <span class='ocrx_word' id='word_1_740' title='bbox 3199 5033 3299 5086; x_wconf 89' lang='lat' dir='ltr'><strong>pro</strong></span> <span class='ocrx_word' id='word_1_741' title='bbox 3322 5020 3443 5087; x_wconf 82' lang='lat' dir='ltr'><strong>ejus</strong></span> 
     </span>
    </p>
   </div>
   <div class='ocr_carea' id='block_1_107' title="bbox 1857 5097 3443 5175">
    <p class='ocr_par' dir='ltr' id='par_1_107' title="bbox 1857 5097 3443 5175">
     <span class='ocr_line' id='line_1_107' title="bbox 1857 5097 3443 5175; baseline 0.008 -27"><span class='ocrx_word' id='word_1_742' title='bbox 1857 5106 1971 5149; x_wconf 89' lang='lat' dir='ltr'><strong>rata</strong></span> <span class='ocrx_word' id='word_1_743' title='bbox 2001 5097 2232 5160; x_wconf 87' lang='lat' dir='ltr'><strong>ratione,</strong></span> <span class='ocrx_word' id='word_1_744' title='bbox 2269 5099 2391 5152; x_wconf 87' lang='lat' dir='ltr'><strong>fidei</strong></span> <span class='ocrx_word' id='word_1_745' title='bbox 2423 5116 2736 5156; x_wconf 89' lang='lat' dir='ltr'><strong>mensuram</strong></span> <span class='ocrx_word' id='word_1_746' title='bbox 2775 5103 3039 5166; x_wconf 87' lang='lat' dir='ltr'><strong>ostendit,</strong></span> <span class='ocrx_word' id='word_1_747' title='bbox 3075 5107 3260 5175; x_wconf 69' lang='lat' dir='ltr'><strong>gratia:</strong></span> <span class='ocrx_word' id='word_1_748' title='bbox 3290 5123 3443 5160; x_wconf 79' lang='lat' dir='ltr'><strong>men-</strong></span> 
     </span>
    </p>
   </div>
   <div class='ocr_carea' id='block_1_108' title="bbox 1859 5195 3442 5264">
    <p class='ocr_par' dir='ltr' id='par_1_108' title="bbox 1859 5195 3442 5264">
     <span class='ocr_line' id='line_1_108' title="bbox 1859 5195 3442 5264; baseline 0.008 -23"><span class='ocrx_word' id='word_1_749' title='bbox 1859 5203 2041 5241; x_wconf 87' lang='lat' dir='ltr'><strong>suram</strong></span> <span class='ocrx_word' id='word_1_750' title='bbox 2079 5199 2290 5252; x_wconf 88' lang='lat' dir='ltr'><strong>nactus,</strong></span> <span class='ocrx_word' id='word_1_751' title='bbox 2313 5207 2414 5258; x_wconf 88' lang='lat' dir='ltr'><strong>pro</strong></span> <span class='ocrx_word' id='word_1_752' title='bbox 2453 5208 2518 5246; x_wconf 93' lang='lat' dir='ltr'><strong>eo</strong></span> <span class='ocrx_word' id='word_1_753' title='bbox 2539 5209 2600 5247; x_wconf 88' lang='lat' dir='ltr'><strong>ac</strong></span> <span class='ocrx_word' id='word_1_754' title='bbox 2630 5195 2861 5249; x_wconf 89' lang='lat' dir='ltr'><strong>credidit</strong></span> <span class='ocrx_word' id='word_1_755' title='bbox 2891 5213 2903 5248; x_wconf 93' lang='lat'>:</span> <span class='ocrx_word' id='word_1_756' title='bbox 2940 5197 3032 5264; x_wconf 90' lang='lat' dir='ltr'><strong>qui</strong></span> <span class='ocrx_word' id='word_1_757' title='bbox 3063 5208 3245 5250; x_wconf 89' lang='lat' dir='ltr'><strong>autem</strong></span> <span class='ocrx_word' id='word_1_758' title='bbox 3269 5201 3442 5252; x_wconf 86' lang='lat' dir='ltr'><strong>actio-</strong></span> 
     </span>
    </p>
   </div>
   <div class='ocr_carea' id='block_1_109' title="bbox 1863 5284 3440 5352">
    <p class='ocr_par' dir='ltr' id='par_1_109' title="bbox 1863 5284 3440 5352">
     <span class='ocr_line' id='line_1_109' title="bbox 1863 5284 3440 5352; baseline 0.009 -25"><span class='ocrx_word' id='word_1_759' title='bbox 1863 5290 1987 5329; x_wconf 86' lang='lat' dir='ltr'><strong>ncm</strong></span> <span class='ocrx_word' id='word_1_760' title='bbox 2024 5293 2129 5331; x_wconf 91' lang='lat' dir='ltr'><strong>non</strong></span> <span class='ocrx_word' id='word_1_761' title='bbox 2171 5291 2410 5348; x_wconf 75' lang='lat' dir='ltr'><strong>prtestat,</strong></span> <span class='ocrx_word' id='word_1_762' title='bbox 2444 5300 2542 5352; x_wconf 89' lang='lat' dir='ltr'><strong>pro</strong></span> <span class='ocrx_word' id='word_1_763' title='bbox 2570 5284 2794 5338; x_wconf 67' lang='lat' dir='ltr'><strong>desidiae</strong></span> <span class='ocrx_word' id='word_1_764' title='bbox 2838 5285 3000 5338; x_wconf 86' lang='lat' dir='ltr'><strong>modo</strong></span> <span class='ocrx_word' id='word_1_765' title='bbox 3037 5285 3440 5342; x_wconf 72' lang='lat' dir='ltr'><strong>incredulitatis</strong></span> 
     </span>
    </p>
   </div>
   <div class='ocr_carea' id='block_1_110' title="bbox 1863 5373 3433 5445">
    <p class='ocr_par' dir='ltr' id='par_1_110' title="bbox 1863 5373 3433 5445">
     <span class='ocr_line' id='line_1_110' title="bbox 1863 5373 3433 5445; baseline 0.008 -27"><span class='ocrx_word' id='word_1_766' title='bbox 1863 5382 2175 5423; x_wconf 86' lang='lat' dir='ltr'><strong>mensuram</strong></span> <span class='ocrx_word' id='word_1_767' title='bbox 2223 5373 2425 5439; x_wconf 89' lang='lat' dir='ltr'><strong>prodit,</strong></span> <span class='ocrx_word' id='word_1_768' title='bbox 2464 5374 2652 5443; x_wconf 75' lang='lat' dir='ltr'><strong>gratia:</strong></span> <span class='ocrx_word' id='word_1_769' title='bbox 2681 5375 2988 5444; x_wconf 75' lang='lat' dir='ltr'><strong>privatione</strong></span> <span class='ocrx_word' id='word_1_770' title='bbox 3025 5378 3302 5439; x_wconf 79' lang='lat' dir='ltr'><strong>multatus,</strong></span> <span class='ocrx_word' id='word_1_771' title='bbox 3336 5393 3433 5445; x_wconf 90' lang='lat' dir='ltr'><strong>pro</strong></span> 
     </span>
    </p>
   </div>
   <div class='ocr_carea' id='block_1_111' title="bbox 1857 5459 3434 5534">
    <p class='ocr_par' dir='ltr' id='par_1_111' title="bbox 1857 5459 3434 5534">
     <span class='ocr_line' id='line_1_111' title="bbox 1857 5459 3434 5534; baseline 0.008 -26"><span class='ocrx_word' id='word_1_772' title='bbox 1857 5471 1925 5508; x_wconf 90' lang='lat' dir='ltr'><strong>eo</strong></span> <span class='ocrx_word' id='word_1_773' title='bbox 1953 5473 2016 5511; x_wconf 89' lang='lat' dir='ltr'><strong>ac</strong></span> <span class='ocrx_word' id='word_1_774' title='bbox 2054 5459 2155 5513; x_wconf 89' lang='lat' dir='ltr'><strong>fuit</strong></span> <span class='ocrx_word' id='word_1_775' title='bbox 2189 5461 2524 5517; x_wconf 87' lang='lat' dir='ltr'><strong>incredulus.</strong></span> <span class='ocrx_word' id='word_1_776' title='bbox 2555 5463 2688 5519; x_wconf 81' lang='lat' dir='ltr'><strong>Male</strong></span> <span class='ocrx_word' id='word_1_777' title='bbox 2717 5464 2883 5533; x_wconf 84' lang='lat' dir='ltr'><strong>igitur</strong></span> <span class='ocrx_word' id='word_1_778' title='bbox 2913 5465 3062 5528; x_wconf 86' lang='lat' dir='ltr'><strong>facit,</strong></span> <span class='ocrx_word' id='word_1_779' title='bbox 3099 5466 3191 5534; x_wconf 63' lang='lat' dir='ltr'><strong>qui</strong></span> <span class='ocrx_word' id='word_1_780' title='bbox 3229 5465 3434 5520; x_wconf 81' lang='lat' dir='ltr'><strong>invidia</strong></span> 
     </span>
    </p>
   </div>
   <div class='ocr_carea' id='block_1_112' title="bbox 1856 5545 3430 5626">
    <p class='ocr_par' dir='ltr' id='par_1_112' title="bbox 1856 5545 3430 5626">
     <span class='ocr_line' id='line_1_112' title="bbox 1856 5545 3430 5626; baseline 0.008 -28"><span class='ocrx_word' id='word_1_781' title='bbox 1856 5545 2132 5613; x_wconf 81' lang='lat' dir='ltr'><strong>laborans,</strong></span> <span class='ocrx_word' id='word_1_782' title='bbox 2165 5551 2396 5608; x_wconf 89' lang='lat' dir='ltr'><strong>aliorum</strong></span> <span class='ocrx_word' id='word_1_783' title='bbox 2431 5555 2636 5610; x_wconf 89' lang='lat' dir='ltr'><strong>virtute</strong></span> <span class='ocrx_word' id='word_1_784' title='bbox 2668 5558 3026 5619; x_wconf 79' lang='lat' dir='ltr'><strong>contabescit,</strong></span> <span class='ocrx_word' id='word_1_785' title='bbox 3054 5574 3176 5611; x_wconf 89' lang='lat' dir='ltr'><strong>cum</strong></span> <span class='ocrx_word' id='word_1_786' title='bbox 3212 5557 3263 5609; x_wconf 88' lang='lat' dir='ltr'><strong>in</strong></span> <span class='ocrx_word' id='word_1_787' title='bbox 3289 5558 3430 5626; x_wconf 83' lang='lat' dir='ltr'><strong>ejus,</strong></span> 
     </span>
    </p>
   </div>
   <div class='ocr_carea' id='block_1_113' title="bbox 1855 5641 3427 5719">
    <p class='ocr_par' dir='ltr' id='par_1_113' title="bbox 1855 5641 3427 5719">
     <span class='ocr_line' id='line_1_113' title="bbox 1855 5641 3427 5719; baseline 0.009 -28"><span class='ocrx_word' id='word_1_788' title='bbox 1855 5652 1959 5693; x_wconf 90' lang='lat' dir='ltr'><strong>non</strong></span> <span class='ocrx_word' id='word_1_789' title='bbox 1984 5641 2230 5709; x_wconf 79' lang='lat' dir='ltr'><strong>alterius,</strong></span> <span class='ocrx_word' id='word_1_790' title='bbox 2261 5649 2543 5719; x_wconf 80' lang='lat' dir='ltr'><strong>perspicue</strong></span> <span class='ocrx_word' id='word_1_791' title='bbox 2575 5647 2754 5718; x_wconf 75' lang='lat' dir='ltr'><strong>posita.</strong></span> <span class='ocrx_word' id='word_1_792' title='bbox 2781 5649 2846 5702; x_wconf 86' lang='lat' dir='ltr'><strong>sit</strong></span> <span class='ocrx_word' id='word_1_793' title='bbox 2887 5647 3140 5703; x_wconf 80' lang='lat' dir='ltr'><strong>facultate</strong></span> <span class='ocrx_word' id='word_1_794' title='bbox 3166 5647 3427 5705; x_wconf 79' lang='lat' dir='ltr'><strong>credendi</strong></span> 
     </span>
    </p>
   </div>
  </div>
