4192 6436
705 399 845 466 ηοξ.

1865 408 1925 467 S.
1964 408 2248 469 MAXIMI
2286 408 2797 469 CONFESSORIS

3825 411 3964 475 1276

702 519 869 580 atque
904 510 1101 581 agendi
1135 497 1307 579 optio,
1342 519 1399 564 ct
1442 521 1501 565 ιιι
1528 512 1596 565 ad
1639 512 1762 567 ﬁdei
1807 529 2122 569 mensuram
2155 529 2283 585 pcr-

2395 518 2647 587 κειμένης
2685 518 2786 586 τῆς
2845 517 2954 571 τῶν
2993 518 3275 571 πιστεύειν
3323 536 3380 571 τε
3416 517 3509 571 καὶ
3550 517 3833 586 πράττειν,
3861 517 3962 570 καὶ

704 603 1004 672 ﬁngentem
1046 601 1275 671 gratiam
1306 602 1564 671 accipiat.

774 776 861 829 5G.
893 775 994 839 Qui
1027 775 1243 829 honesti
1277 793 1465 831 amans
1493 786 1596 840 est,
1631 793 1728 846 per
1757 778 2163 834 Providentiam
2200 797 2286 835 sa-

709 865 927 933 pientiae
963 866 1275 922 rationibus
1315 877 1508 935 Sponte
1553 869 1619 922 ad
1659 860 2028 924 deificationi's
2063 871 2284 926 festinat

708 957 934 1025 gratiam
967 974 979 1009 :
1010 972 1175 1025 quem
1211 973 1342 1011 vero
1366 958 1513 1012 illius
1558 958 1741 1023 tradet,
1774 961 1925 1029 justo
1957 960 2168 1029 judicio
2196 976 2285 1013 ea-

709 1047 1020 1114 stigationis
1042 1047 1220 1101 modis
1254 1064 1285 1101 a
1305 1049 1586 1117 pravitate
1611 1065 1675 1102 ac
1715 1050 1857 1103 malo
1892 1050 2097 1127 invitus
2124 1068 2282 1104 revo-

706 1147 894 1203 catur;
931 1140 1011 1194 sic
1050 1140 1230 1208 plane,
1281 1147 1342 1193 ut
1371 1141 1510 1193 alter
1546 1150 1805 1208 tanquam
1850 1142 1944 1196 Dei
1989 1158 2179 1197 amans
2220 1160 2283 1197 ac

707 1229 1014 1298 religiosus,
1058 1246 1157 1299 per
1190 1231 1594 1286 Providentiam
1634 1233 1955 1297 deificetur;
1994 1235 2131 1287 alter
2153 1251 2283 1289 vero

707 1333 807 1386 per
831 1318 1123 1388 judicium,
1160 1320 1312 1374 velut
1348 1329 1691 1374 terrenorum
1726 1336 1935 1383 amans,
1969 1322 2024 1375 in
2055 1323 2280 1377 damna-

708 1408 915 1461 tionem
952 1410 1143 1463 venire
1189 1425 1300 1462 non
1346 1410 1586 1462 sinatur.
1622 1409 1768 1461 Deus
1807 1408 1954 1461 enim
1995 1418 2055 1461 ut
2083 1411 2281 1474 bonus,

708 1501 992 1569 sapientia:
1022 1502 1330 1555 rationibus
1377 1510 1536 1555 curat
1567 1516 1685 1564 eos,
1721 1501 1816 1570 qui
1840 1502 2123 1554 voluntate
2150 1517 2282 1570 pro-

708 1591 865 1658 pensi
902 1590 1014 1645 sint
1046 1610 1059 1644 :
1093 1591 1188 1660 qui
1226 1601 1409 1645 autem
1452 1607 1595 1660 aegre
1634 1590 1701 1644 ad
1739 1592 1997 1645 virtutem
2026 1605 2286 1645 movean-

711 1690 821 1742 tur,
859 1688 1017 1733 sanat
1043 1681 1421 1750 castigationis
1448 1679 1646 1733 modis.

778 1770 868 1824 '57.
902 1769 1033 1836 Qua:
1062 1786 1190 1823 vere
1239 1770 1373 1823 fides
1409 1778 1516 1832 est,
1544 1769 1748 1823 veritas
1782 1778 1889 1829 est.
1930 1769 2280 1824 mendacium

2386 606 2524 677 πρὸς
2563 607 2625 658 τὸ
2657 606 2854 677 μέτρον
2900 607 3004 677 τῆς
3049 607 3286 671 πίστεως
3346 609 3651 679 ἐρχομένην
3699 608 3962 673 δέξασθαι

2385 696 2482 767 τὴν
2515 697 2694 768 χάριν,
2719 697 3000 765 ἐπιλογῆς.

2453 790 2563 854 λς’.
2608 790 2664 842 ὐ
2682 789 2791 842 τῶν
2814 789 2995 842 καλῶν
3022 789 3276 861 ἐραστὴς.
3307 789 3448 843 κατὰ
3473 790 3737 859 πρόνοιαν
3764 791 3963 857 σοφίας

2384 881 2558 949 λόγοις
2619 882 2883 944 ἑκουσίως
2927 882 3205 948 ἐπείγεται
3259 880 3396 951 πρὸς
3428 880 3528 952 τὴν
3574 882 3675 950 τῆς
3707 880 3967 945 θεὼσεως

2383 974 2542 1042 χάριν
2569 989 2583 1002 ·
2628 974 2656 1025 ὸ
2699 973 2756 1026 δὲ
2812 971 3019 1024 τούτων
3066 971 3381 1041 ἀνέραστος,
3409 972 3551 1024 κατὰ
3592 972 3693 1041 τὴν
3740 972 3967 1027 δικαίαν

2383 1063 2588 1134 κρίσιν,
2608 1062 2859 1125 παιδείας
2887 1062 3111 1130 τρόποις
3136 1062 3406 1125 ἀκουσίως
3430 1063 3631 1126 κακίας
3657 1063 3962 1131 ἀπάγεται·

2383 1155 2411 1205 ὁ
2447 1153 2567 1221 μὲν,
2597 1153 2673 1215 ὡς
2704 1151 2949 1221 φιλόθεος
2988 1152 3077 1205 διὰ
3109 1153 3209 1222 τῆς
3245 1152 3512 1223 προνοίας
3568 1152 3900 1223 θεούμενοςο
3936 1155 3969 1204 ό

2381 1243 2460 1301 δὲ,
2491 1242 2578 1295 διὰ
2630 1243 2728 1308 τῆς
2797 1242 3055 1312 κρίσεως,
3095 1241 3170 1304 ὡς
3207 1241 3458 1311 φιλόῦλος
3507 1244 3586 1305 εἰς
3632 1243 3969 1312 κατάκρισιν

2382 1335 2558 1387 ἐλθεῖν
2594 1336 2667 1405 μὴ
2697 1333 3168 1404 συγχωρούμενος.
3211 1334 3270 1387 '0
3294 1335 3402 1404 γὰρ
3428 1335 3561 1397 Θεὸς
3608 1334 3685 1397 ὡς
3733 1335 3967 1403 ἀγαθὸς,

2387 1428 2580 1493 σοφίας
2633 1426 2730 1496 μὲν
2779 1426 2960 1494 λόγοις
2989 1425 3283 1497 θεραπεύει
3327 1426 3453 1488 τοὺς
3487 1425 3741 1489 θέλοντας
3776 1443 3791 1456 ’
3830 1444 3968 1478 παι-

2382 1517 2528 1579 δείας
2585 1519 2642 1570 δὲ
2690 1517 2932 1589 τρόποις,
2980 1517 3106 1581 τοὺς
3167 1516 3302 1587 πρὸς
3349 1516 3552 1587 ἀρετὴν
3604 1518 3969 1588 δυσκινήτους

2386 1626 2552 1661 ιαται.

2456 1785 2553 1850 λζ’.
2578 1786 2641 1838 Ἠ
2671 1784 2770 1854 μὲν
2797 1784 2961 1847 ὅντως
3002 1783 3217 1847 πίστις,
3244 1783 3474 1853 ἀλήθειά
3507 1784 3624 1836 ἐστι
3667 1783 3971 1849 συνεκτικὴ

707 1871 819 1913 non
844 1860 1071 1924 habens,
1097 1875 1218 1929 quae
1240 1861 1520 1914 contineat
1559 1875 1623 1914 ac
1675 1860 2103 1915 incolumitatem
2138 1876 2277 1930 prae-

2395 1896 2439 1932 :s
2477 1847 2570 1932 καὶ
2618 1847 2934 1947 συστατικὴ,
2982 1874 3174 1944 ψεῦδος
3235 1847 3347 1928 οὐκ
3384 1874 3582 1944 ἔχουσα
3610 1891 3623 1905 ο
3651 1875 3685 1944 ὴ
3740 1873 3797 1925 δὲ
3824 1847 3974 1941 ἀγαέ

710 1958 853 2016 stet;
895 1951 1037 2006 bona
1078 1967 1210 2005 vero
1243 1951 1598 2015 conscientia,
1628 1951 1737 2004 vim
1764 1952 1928 2006 infert
1976 1954 2279 2020 charitatis,

710 2042 916 2110 quippe
949 2043 1152 2095 nullam
1190 2042 1433 2096 mandati
1463 2044 1947 2111 transgressionem
1980 2046 2210 2101 habens.

782 2132 871 2187 58.
894 2132 959 2185 Et
984 2134 1318 2202 requirsccnt,
1351 2132 1547 2201 inquit,
1580 2149 1739 2202 super
1763 2151 1881 2188 eum
1906 2143 2102 2206 septem
2127 2139 2287 2207 spiri-

712 2230 795 2277 tus
815 2240 833 2277 :
861 2224 1075 2293 spiritus
1097 2225 1391 2293 sapientiae,
1421 2225 1636 2295 spiritus
1652 2226 2032 2297 intelligentia,
2070 2231 2285 2298 spiritus

711 2304 962 2381 scicntiw,
1005 2316 1218 2385 spiritus
1262 2316 1572 2385 prudcnliw,
1613 2320 1829 2386 spiritus
1870 2313 2092 2384 Eonsitii,
2126 2319 2285 2390 567

713 2408 932 2476 spiritus
963 2407 1306 2475 fortitudinis,
1349 2408 1567 2476 spiritus
1598 2409 1800 2461 timoris
1831 2409 1925 2462 Dci
1968 2410 2034 2462 ⁸⁸.
2082 2411 2286 2464 Horum

715 2508 900 2551 autent
919 2497 1287 2566 spiritualium
1311 2497 1583 2551 donorum
1624 2498 1903 2567 proprium
1930 2510 2046 2553 est:
2076 2499 2290 2553 timoris

712 2587 961 2657 quidem,
1009 2599 1073 2641 ut
1113 2588 1487 2643 abstineamus
1526 2604 1557 2642 a
1598 2589 1787 2653 malis;
1832 2588 2190 2654 fortitudinis,
2230 2598 2291 2644 ut

718 2677 859 2731 bona
886 2691 1215 2745 operemur;
1246 2678 1486 2741 consilii,
1509 2689 1570 2732 ut
1588 2679 1861 2733 contraria
1884 2680 2288 2747 discernamus;

715 2770 1047 2843 prudentiae,
1073 2782 1134 2829 ιιι
1154 2786 1275 2843 quae
1305 2771 1471 2829 ofﬁcii
1495 2782 1642 2837 sunt,
1668 2788 1797 2830 vere
1826 2788 1890 2827 ac
1915 2774 2129 2828 sincere
2149 2774 2292 2827 scia-

719 2879 874 2928 mus;
904 2864 1170 2926 scientise,
1202 2870 1262 2918 ut
1283 2866 1462 2933 reipsa
1487 2865 1702 2920 divinas
1727 2866 1781 2920 in
1805 2863 2105 2920 virtutibus
2129 2865 2295 2918 ratio-

719 2970 817 3008 nes
860 2955 1429 3023 comprehendamus;
1470 2957 1865 3027 intelligentia),
1897 2967 1958 3011 ut
1999 2974 2065 3031 ex
2103 2971 2294 3013 eorum

718 3047 933 3101 ratione
996 3061 1119 3115 quae
1195 3048 1423 3103 scicntia
1490 3050 2011 3118 comprehendimus
2068 3066 2296 3120 prorsus

2383 1969 2451 2039 θὴ
2484 1969 2815 2038 συνείδησις,
2842 1967 2944 2034 τὴν
2968 1968 3067 2036 τῆς
3100 1967 3326 2034 ἀγάπης
3365 1965 3688 2035 ἐπιφέρεται
3712 1964 3974 2033 δύναμιν,

2383 2058 2458 2121 ὡς
2494 2057 2766 2128 μηδεμίαν
2797 2055 2993 2127 ἔχουσα
3022 2056 3338 2126 παράϐασιν
3362 2054 3605 2125 ἐντολῆς.

2453 2148 2555 2219 λη’.
2591 2149 2701 2202 Kal
2718 2148 3235 2213 ἐπαναπαύσεται,
3258 2147 3445 2218 φησιν,
3463 2147 3556 2200 ἐπ’
3579 2147 3787 2209 αὐτὸν,
3814 2145 3981 2199 ἑπτὰ

2386 2242 2723 2310 πνεύματαο
2764 2240 3001 2309 πνεῦμα
3037 2241 3257 2309 σοφίας
3281 2281 3295 2302 ,
3349 2239 3583 2308 πνεῦμα
3632 2236 3977 2303 συνέσεως,

2388 2333 2620 2400 πνεῦμα
2654 2332 2945 2401 γνώσεως,
2968 2332 3203 2401 πνεῦμα
3232 2329 3577 2400 ἐπιστήμης
3605 2331 3701 2399 (b),
3728 2327 3981 2398 πνεῦμα

2383 2422 2642 2489 βουλῆς,
2663 2422 2898 2489 πνεῦμα
2930 2424 3164 2491 ισχύος,
3180 2421 3415 2491 πνεῦμα
3424 2422 3610 2491 φόϐου
3634 2420 3980 2474 Θεοῦ.⁹Εστι

2388 2516 2444 2567 δὲ
2473 2514 2599 2567 ἴδιον
2616 2514 2722 2566 τῶν
2751 2514 3134 2585 πνευματικῶν
3161 2514 3364 2568 τούτων
3395 2514 3772 2586 χαρισμάτων,
3798 2513 3980 2583 φόϐου

2394 2605 2510 2673 μὲν,
2544 2605 2576 2673 ή
2606 2605 2783 2675 ἀποχὴ
2811 2606 2921 2657 τῶν
2953 2604 3139 2657 κακῶν
3170 2622 3182 2635 ·
3221 2605 3405 2675 ἰσχύος
3438 2605 3527 2667 δὲ,
3553 2607 3586 2674 ὴ
3616 2604 3815 2672 πρᾶξις
3854 2603 3982 2655 τῶν

2392 2694 2613 2761 ἀγαθῶν
2639 2714 2652 2727 ·
2687 2695 2880 2766 βουλῆς
2905 2697 2982 2760 δέ,
3015 2697 3049 2766 ἡ
3079 2695 3186 2748 τῶν
3223 2694 3620 2764 ἀντικειμένων
3650 2694 3935 2764 διάκρισις
3961 2709 3979 2723 ο

2393 2786 2703 2854 ἐπιστήμης
2728 2785 2807 2849 δὲ,
2835 2786 2867 2855 ἡ
2900 2786 3007 2837 τῶν
3036 2783 3387 2854 καθηκόντων
3411 2781 3697 2843 ἀνόθευτος
3717 2777 3938 2852 εἴδησις
3962 2795 3982 2812 ο

2393 2874 2648 2943 γνώσεως
2677 2875 2755 2939 δὲ,
2788 2878 2821 2944 ἡ
2857 2875 2980 2928 κατ’
3011 2875 3296 2945 ἐνέργειαν
3324 2873 3433 2926 τῶν
3475 2875 3531 2927 ἐν
3580 2875 3702 2935 ταῖς
3744 2873 3986 2941 ἀρεταῖς

2395 2968 2554 3021 θείων
2604 2968 2781 3035 λόγων
2839 2966 3167 3038 περίληψις·
3213 2967 3487 3027 συνέσεως
3523 2965 3603 3027 δὲ,
3632 2967 3666 3036 ἡ
3714 2964 3855 3033 πρὸς
3908 2963 3989 3018 τὰ

2396 3058 2709 3129 γνωσθέντα
2755 3059 2930 3111 διόλου
2968 3058 3069 3127 τῆς
3115 3057 3295 3127 ψυχῆς
3349 3055 3691 3119 συνδιάθεσις
3720 3070 3733 3084 ⁸
3779 3054 3987 3123 σοφίας

717 3137 902 3190 animo
935 3136 1274 3203 afficiantur;
1307 3139 1610 3207 sapientirc,
1637 3140 1785 3192 nulla
1820 3141 1870 3193 vi
1898 3141 2099 3195 mentis
2137 3158 2290 3195 cont-

2395 3155 2472 3217 δὲ,
2505 3155 2537 3222 ἡ
2587 3152 2723 3223 πρὸς
2777 3150 2911 3204 Θεὸν
2956 3150 3325 3217 ἀδιάγνωστος
3357 3149 3573 3212 ἓνωσις,
3606 3147 3728 3200 καθ’
3754 3148 3823 3216 ἢν
3858 3148 3989 3209 τοῖς

726 3229 997 3297 prehensa
1019 3245 1145 3282 cum
1182 3231 1293 3283 Deo
1320 3230 1473 3294 uuio,
1501 3247 1604 3298 qua
1629 3231 1828 3298 cupido
1853 3240 2102 3285 votorum
2136 3232 2294 3285 avida

717 3319 821 3382 vis,
846 3320 1026 3388 dignis
1048 3320 1099 3373 in
1127 3321 1526 3389 possessionem
1550 3338 1614 3375 ac
1644 3322 1959 3377 fruitionem
1981 3324 2147 3387 cedit,
2169 3340 2294 3376 cum

718 3408 811 3477 qui
855 3410 1165 3479 partieipet,
1198 3427 1263 3465 ex
1306 3415 1639 3467 commercio
1676 3414 1841 3467 deum
1889 3415 2118 3477 faciens,
2153 3415 2297 3468 divi-

723 3516 914 3569 meque
940 3500 1297 3557 beatitudinis
1333 3504 1467 3573 (jugi
1508 3504 1626 3559 sine
1678 3504 1820 3558 fastu
1847 3505 2157 3561 divinorum
2190 3523 2300 3576 my-

721 3592 1017 3647 steriorum
1045 3592 1112 3647 ad
1135 3609 1232 3647 cos
1260 3595 1351 3662 qui
1379 3610 1519 3664 opus
1549 3596 1787 3649 habeant
1818 3597 2196 3665 propositione
2215 3598 2301 3651 fu-

722 3683 963 3751 siorique
983 3684 1361 3754 enarratione)
1391 3679 1751 3755 interpretem
1778 3694 2063 3755 praestans.

793 3788 883 3841 '59.
917 3787 1156 3858 Spiritus
1197 3790 1416 3843 timoris
1438 3791 1533 3843 Dei
1560 3801 1664 3851 est,
1697 3801 1758 3844 ut
1786 3792 1855 3845 ab
1889 3792 1956 3846 iis
1978 3808 2099 3861 qua:
2120 3796 2299 3863 rcipsa

722 3879 867 3935 tuala
918 3892 1045 3935 sunt
1104 3881 1331 3951 ipsoque
1384 3897 1550 3951 opere
1605 3882 2013 3949 abstineamus;
2075 3887 2303 3953 spiritus

721 3960 1084 4034 fortitudinis,
1110 3981 1363 4041 prompta
1403 3973 1573 4027 animi
1614 3975 1862 4029 incitatio
1909 3984 2199 4045 motusque
2232 3978 2299 4031 ad

724 4062 1073 4130 exsequenda
1103 4079 1269 4131 reque
1307 4065 1421 4131 ipsa
1456 4065 1769 4134 peragenda
1812 4066 2106 4133 mandata;
2140 4070 2303 4137 Spiri-

729 4153 818 4201 tus
851 4148 1088 4212 consilii,
1142 4149 1362 4202 habitus
1387 4150 1759 4215 discretionis,
1791 4167 1924 4220 quo,
1962 4153 2174 4208 ratione
2209 4171 2303 4208 co-

729 4238 883 4299 mite.
920 4239 1106 4291 divina
1143 4240 1400 4293 mandata
1437 4241 1812 4308 exseqnimur,
1845 4241 2086 4309 vitiaque
2110 4258 2140 4294 a
2187 4242 2301 4294 vir-

732 4329 943 4383 tutibus
973 4329 1371 4395 discerniunts;
1424 4331 1650 4399 spiritus
1703 4331 2047 4400 prudentiae,
2109 4334 2303 4387 modo-

733 4434 853 4469 rum
902 4419 1107 4486 quibus
1169 4419 1312 4471 aetio
1347 4419 1634 4488 virtusque
1672 4421 1904 4485 colatur,
1929 4429 2078 4476 certa
2127 4422 2303 4476 firma—

2395 3248 2624 3316 ἀξίοιςὴ
2660 3248 2845 3314 ἔφεσις
2885 3244 3185 3308 ἀπόλαυσις
3211 3247 3443 3311 γίνεται,
3489 3242 3707 3313 μεθέξει
3739 3239 3991 3294 ποιοῦσα

2396 3338 2528 3389 Θεὸν
2556 3336 2648 3388 τὸν
2684 3337 3000 3403 μετέχοντα,
3028 3335 3122 3386 καὶ
3147 3332 3244 3402 τῆς
3282 3332 3434 3395 θείας
3464 3331 3626 3386 αὑτὸν
3684 3330 3990 3399 ὑποτρήτην

2397 3424 2713 3479 καθιστῶσα
2760 3423 3186 3493 μακαριότητος,
3215 3424 3357 3475 κατὰ
3403 3422 3501 3491 τὴν
3554 3420 3782 3473 ἁένναον
3837 3419 3992 3489 πρὸς

2397 3518 2524 3579 τοὺς
2570 3516 2856 3584 δεομένους
2886 3515 2993 3568 τῶν
3025 3514 3184 3567 θείων
3229 3513 3561 3583 μυστηρίων,
3590 3511 3995 3580 ἀνεκπόμπευ-

2396 3626 2488 3661 τον
2518 3607 2786 3678 προϐολὴν
2818 3607 2911 3659 καὶ
2941 3605 3192 3670 διέξοδον.

2470 3785 2568 3838 λθ’.
2599 3783 2673 3836 Τὸ
2695 3783 2912 3852 πνεῦμα
2938 3779 3227 3865 τοῦῐφόϐου
3251 3781 3346 3833 τοῦ
3375 3779 3532 3846 Θεοῦ,
3549 3781 3660 3834 τῶν
3685 3782 3808 3835 κατ’
3832 3784 3995 3853 ἐνέρ-

2400 3894 2551 3946 γειαν
2578 3875 2766 3930 κακῶν
2795 3874 2943 3927 ἐστιν
2967 3872 3143 3943 ἀποχή
3177 3888 3191 3901 ·
3225 3870 3286 3923 τδ
3316 3871 3374 3922 δὲ
3404 3871 3619 3940 πνεῦμα
3643 3872 3740 3942 τῆς
3770 3873 3991 3940 ἰσχύος,

2399 3968 2431 4038 ἡ
2467 3968 2602 4036 πρὸς
2636 3965 2915 4035 ἐνέργειαν
2949 3963 3042 4014 καὶ
3062 3962 3258 4030 πρᾶξιν
3295 3961 3405 4014 τῶν
3435 3959 3666 4015 ἐντολῶν
3697 3961 3993 4031 πρόθυμος

2399 4057 2546 4127 ὁρμὴ
2579 4055 2676 4108 καὶ
2703 4054 2917 4123 κίνησις
2952 4066 2968 4083 ο
3002 4052 3067 4103 τὸ
3092 4051 3151 4103 δὲ
3186 4050 3404 4121 πνεῦμα
3431 4050 3527 4120 τῆς
3555 4049 3774 4119 βουλῆς,
3804 4053 3837 4121 ἠ
3865 4053 3994 4116 ’ἕξις

2401 4149 2501 4216 τῆς
2527 4144 2872 4215 διακρίσεως,
2908 4141 3028 4195 καθ’
3059 4142 3127 4211 ἢν
3155 4143 3251 4194 σὺν
3289 4141 3434 4210 λόγῳ
3476 4140 3575 4201 τὰς
3624 4140 3777 4203 θείας
3809 4144 3996 4212 πράτ-

2401 4254 2567 4307 τομεν
2610 4235 2849 4297 ἐντολὰς,
2880 4232 3114 4286 καὶτῶν
3160 4232 3487 4301 κρειττόνων
3542 4229 3864 4301 διαιροῦμεν
3916 4233 3995 4286 τὰ

2404 4328 2624 4399 χείρονα
2657 4345 2670 4358 ·
2702 4327 2763 4379 τὸ
2789 4325 2846 4377 δὲ
2882 4323 3101 4393 πνεῦμα
3131 4323 3233 4392 τῆς
3264 4322 3597 4392 ἐπιστήμης,
3632 4323 3663 4391 ἡ
3697 4322 3808 4375 τῶν
3856 4324 3994 4375 κατ’

2404 4419 2605 4489 ἀρετὴν
2652 4418 2741 4486 τῆς
2770 4415 3020 4485 πράξεως
3047 4414 3261 4484 τρόποιν
3290 4412 3538 4475 ἄπτωτος
3579 4412 3785 4483 εἴδησις
3811 4430 3826 4445 ο
3858 4415 3994 4465 καθ’

730 4524 836 4576 quo
860 4510 1133 4579 cognitio,
1171 4526 1278 4577 qua
1308 4511 1543 4579 agendo,
1591 4528 1621 4565 a
1651 4521 1801 4566 recto
1843 4512 2073 4568 rationis
2094 4514 2292 4584 judicic

2409 4512 2475 4580 ἣν
2510 4509 2858 4576 πράττοντες,
2896 4503 3000 4572 τῆς
3028 4501 3197 4571 ὀρθῆς
3219 4499 3314 4553 τοῦ
3356 4499 3516 4567 λόγου
3548 4500 3785 4569 κρίσεως
3824 4502 3993 4553 οὖδα-

730 4616 1006 4669 nunquam
1031 4603 1337 4656 excidimus
1355 4619 1368 4668 ;
1385 4603 1612 4672 spiritus
1628 4604 1896 4669 scientias,
1918 4606 2300 4661 mandatorum

731 4691 898 4760 inque
940 4692 1047 4746 illis
1100 4693 1480 4748 exsistentium
1528 4695 1802 4749 rationum
1828 4736 1843 4759 ,
1870 4697 2071 4764 quibus
2121 4697 2300 4750 consi-

731 4788 885 4834 stunt
912 4781 1172 4835 virtutum
1201 4784 1368 4847 modi,
1406 4786 1827 4853 comprehensio
1853 4802 1867 4849 ;
1897 4786 2304 4855 spiritusintel-

730 4872 986 4941 ligentiac,
1003 4882 1065 4927 ex
1094 4875 1356 4929 virtutum
1386 4878 1561 4932 modis
1585 4894 1650 4932 ac
1674 4878 1981 4935 rationibus
1998 4877 2158 4943 affici,
2187 4879 2303 4933 sive

734 4975 793 5018 ut
816 4965 1235 5021 convenientius
1266 4976 1431 5038 atque
1464 4970 1644 5037 aptius
1674 4970 1890 5038 loquar,
1926 4971 1983 5024 in
2016 4987 2080 5024 ea
2121 4979 2302 5025 trans-

738 5054 939 5108 mutari
977 5071 988 5105 :
1019 5070 1127 5124 qua
1176 5059 1629 5113 transmutatione
1669 5061 1950 5114 naturales
1982 5060 2128 5113 vires
2179 5074 2304 5111 cum

805 5212 849 5244 ³⁸
875 5211 976 5267 Isa.
1014 5230 1085 5277 ιιι,
1114 5214 1167 5278 2,
1198 5216 1245 5269 5.

808 5364 877 5433 (b)
917 5364 1152 5428 Πνεῦμα
1208 5365 1561 5430 ἐπιστήμης.
1608 5365 1817 5417 Habent
1868 5362 2028 5417 LXX.
2082 5364 2295 5428 ττνεῦμκ

740 5430 1042 5496 εὐσεϐείας.
1078 5435 1231 5501 Vulg.
1283 5436 1510 5503 Spiritus
1567 5436 1794 5502 pirtutis.
1832 5435 1950 5501 Ipse
1996 5433 2291 5503 ΔΜιιιὶιιιιιε⁹

738 5515 883 5558 rent.
918 5520 988 5563 tv,
1013 5520 1078 5556 cx
1114 5504 1197 5557 bis
1222 5500 1464 5572 quinque
1504 5500 1648 5557 c379
1686 5511 1741 5556 et
1772 5500 2102 5569 80,⁷πνεῦ;ι;ι
2140 5503 2292 5553 εὐσε-

740 5574 890 5635 ϐείας
924 5584 978 5627 et
1013 5574 1126 5639 ipse
1157 5571 1337 5626 habet.
1386 5574 1551 5627 Arah.
1588 5588 1723 5628 vera:
1775 5571 2060 5639 religionis.
2096 5572 2293 5623 Verum

742 5591 890 5635 υειας
924 5591 978 5627 et
1013 5591 1023 5624 I
1052 5591 1126 5625 ise
1157 5591 1337 5626 naoet.
1386 5591 1551 5627 m-ao.
1588 5591 1723 5628 vera:
1775 5591 2060 5639 rt'ttgtoms.
2105 5591 2293 5623 \ertlul

742 5646 856 5695 haec
889 5658 954 5695 ev
1002 5591 1168 5696 liebr.
1227 5660 1336 5695 non
1393 5643 1716 5710 prodierunt
1765 5641 2093 5693 immediate.
2129 5640 2293 5693 Ilebr.

741 5728 910 5763 unum
945 5711 1195 5780 idemque
1229 5728 1424 5765 nomen
1468 5721 1571 5775 est,
1595 5710 1739 5781 quod
1772 5711 1953 5764 statim
2001 5727 2112 5781 seq.
2144 5710 2296 5781 (inter

744 5781 1019 5839 redditur.
1052 5783 1127 5837 Ae
1154 5783 1291 5839 forte
1325 5780 1645 5852 scripserint
1671 5782 1716 5835 οἱ
1747 5780 2105 5851 ιΧΧπνεὺμα
2144 5780 2268 5830 ξύλα
2294 5814 2297 5817 ν

2413 4598 2530 4667 μῶς
2580 4595 2853 4663 πίπτομεν
2883 4605 2895 4619 ‘
2945 4592 3006 4643 τὸ
3037 4591 3092 4643 δὲ
3120 4589 3338 4658 πνεῦμα
3367 4591 3466 4658 τῆς
3496 4587 3772 4656 Υνώπωῖν
3807 4591 3842 4657 ἡ
3874 4591 3995 4641 τῶν

2407 4686 2638 4742 ἐντολῶν
2660 4684 2886 4739 καὶτῶν
2932 4686 2990 4735 ἐν
3022 4683 3213 4745 αὑταῖς
3260 4681 3433 4748 λόγων
3487 4680 3801 4751 περίληψις,
3861 4682 3994 4734 καθ’

2404 4778 2500 4841 οὒς
2540 4780 2587 4830 οἱ
2638 4776 2829 4847 τρόποι
2857 4774 2964 4827 τῶν
2992 4773 3201 4842 ἀρετῶν
3232 4771 3593 4840 συνεστήκασι
3624 4787 3639 4801 ·
3677 4770 3907 4841 πνεῦμα
3932 4772 3993 4825 δὲ

2409 4868 2678 4932 συνέσεώς
2708 4870 2876 4933 ἐστιν,
2903 4867 2936 4935 ἡ
2962 4865 3096 4934 πρὸς
3123 4865 3250 4927 τοὺς
3272 4863 3504 4933 τρόπους
3524 4862 3615 4915 καὶ
3643 4864 3772 4924 τοὺς
3792 4862 3994 4929 λόγους

2403 4964 2515 5016 τῶν
2575 4959 2786 5029 ἀρετῶν
2835 4956 3254 5025 συγκατάθεσις,
3312 4954 3346 5024 ἢ
3404 4952 3737 5025 κυριώτερον
3783 4955 3990 5017 εἰπεῖν,

2407 5052 2791 5125 μεταποίησις,
2845 5049 2964 5103 καθ’
3002 5050 3069 5101 ἢν
3104 5048 3402 5114 σύγκρασις
3435 5044 3648 5114 γίνεται
3676 5045 3789 5097 τῶν
3828 5063 3993 5111 φυσι-

2405 5361 2555 5420 Gaia;
2586 5377 2598 5389 ·
2636 5358 2731 5426 qui
2760 5356 2831 5408 sit
2852 5351 3081 5426 Spiritus
3116 5354 3335 5426 timoris
3377 5346 3834 5426 castiLmodesti,
3873 5368 3983 5426 Ahe-

2401 5418 2693 5483 vcrentiali
2725 5442 2789 5478 ac
2822 5418 3087 5489 religiosi.
3115 5422 3349 5477 Videtur
3393 5419 3487 5472 hic
3530 5418 3804 5489 Maximus
3868 5422 3989 5473 ἐπι-

2405 5503 2619 5565 στήμην
2647 5510 2757 5575 pro
2782 5486 3075 5575 prudentia
3107 5507 3395 5573 usurpare,
3424 5504 3513 5570 ac.
3543 5486 3857 5575 particular
3896 5489 3978 5557 ju-

2402 5558 2547 5620 dicio
2577 5558 2857 5635 Eigibilium
2882 5579 2896 5623 ;
2924 5568 3073 5614 utet
3102 5558 3323 5635 γνῶσιν,
3351 5572 3453 5629 pro
3496 5558 3709 5635 judicio
3758 5561 3990 5635 univcr-

2406 5638 2538 5691 sali.
2597 5625 2661 5687 5.1:
2722 5647 2831 5701 quo
2888 5644 3071 5705 rerum
3115 5625 3369 5705 rationes
3420 5625 3982 5705 comprehendamus.

2408 5704 2624 5772 Alioqui
2664 5696 2851 5755 notum
2874 5698 3006 5772 quid
3048 5701 3345 5771 ἐπιστήμη,
3389 5706 3444 5753 et
3508 5696 3737 5751 scientia
3785 5696 3984 5751 stricte

2410 5768 2586 5835 dicte.
2628 5768 2992 5843 philosophis.
