4192 6436
248 397 381 467 1277

911 400 1243 461 CAPITUM
1279 399 1701 473 QUINQUIES
1738 402 1806 462 CI

1897 404 2259 471 I‘ENORUM
2295 413 2679 476 CENTURIA
2716 420 2832 479 llI.

3334 424 3470 487 1:278

242 508 355 563 κῶν
374 505 650 577 δυνάμεων
685 508 820 579 πρὸς
865 512 989 572 τοὺς
1015 511 1247 577 τρόπους
1303 513 1397 564 καὶ
1452 514 1572 576 τοὺς
1620 512 1806 581 λόγους

1910 521 2089 577 modis
2148 523 2566 597 rationibusque
2635 531 3011 587 mandatorum
3069 537 3469 605 conitemperari

240 597 349 649 τῶν
375 597 601 649 ἐντολῶν
632 614 646 626 ·
684 598 904 668 πνεῦμα
932 598 987 651 δὲ
1026 600 1217 667 σοφίας
1256 602 1424 665 ἐστὶν,
1458 604 1490 671 ὴ
1532 603 1667 673 πρὸς
1712 604 1809 673 τὴν

242 686 424 739 αἰτίαν
453 685 561 739 τῶν
585 688 643 741 ἐν
676 691 794 752 ταῖς
821 688 1059 752 ἐντολαῖς
1089 692 1614 763 πνευματικωτέρων
1639 693 1810 761 λόγων

242 779 507 848 ἀνάληψίς
553 798 612 834 τε
658 782 752 835 καὶ⁵
784 782 999 847 ἐνωσις,
1043 783 1165 836 καθ’
1193 785 1259 855 ἣν
1282 785 1578 860 ἀγνώστως
1596 786 1721 850 τοὺς
1753 790 1811 841 ὲν

241 869 382 938 Θεῷ,
415 870 555 925 κατὰ
582 872 642 925 τὸ
689 873 907 943 θεμιτὸν
933 874 1262 946 ἀνθρώποις,
1293 877 1479 940 ἁπλῶς
1515 876 1809 947 μυούμενοι

238 964 349 1016 τῶν
377 965 543 1019 όντων
570 967 779 1035 λόγους.
804 968 879 1029 ῶς
909 968 970 1021 ἐκ
990 986 1137 1032 τινος
1186 970 1587 1041 βλυστανούσης
1626 972 1813 1041 πηγῆς

238 1056 339 1124 τῆς
369 1056 617 1126 καρδίας,
659 1061 757 1129 τὴν
809 1060 865 1111 ἐν
910 1062 1023 1122 τοῖς
1066 1059 1209 1125 ὅλοις
1255 1062 1513 1133 ἀλήθειαν
1550 1063 1809 1125 ποικίλως

238 1148 353 1210 τοῖς
372 1148 550 1211 ἄλλοις
579 1149 887 1219 ἀνθρώποις
916 1152 1319 1223 προσφέρομεν.

311 1257 386 1326 μ’.
413 1258 543 1311 Ἀπὸ
565 1260 663 1329 μὲν
684 1260 785 1313 τῶν
805 1262 868 1314 ἐκ
887 1262 1023 1316 Θεοῦ
1040 1263 1384 1331 τελευταίων,
1408 1268 1539 1336 ἡμῖν
1564 1267 1620 1321 δὲ
1640 1287 1810 1339 προσ-

238 1347 399 1417 εχῶν,
454 1349 545 1401 ἐπὶ
582 1351 650 1403 τὰ
683 1352 896 1422 πρῶτα,
948 1355 1041 1407 καὶ
1084 1355 1239 1425 ἡμῶν
1272 1358 1369 1426 μὲν
1397 1360 1603 1429 πόρρω,
1643 1362 1719 1430 τῷ
1755 1363 1810 1414 δὲ

235 1436 359 1506 Θεῷ
385 1441 647 1510 προσεχῆ,
669 1441 793 1493 καθ’
818 1442 937 1495 ὁδὸν
966 1446 1059 1496 καὶ
1082 1445 1237 1511 τάξιν
1260 1446 1642 1517 ἀναϐαίνομεν.
1679 1450 1810 1502 Ἀπὸ

235 1527 347 1599 γὰρ
371 1530 467 1599 τῆς
487 1532 678 1599 ἀργίας
706 1533 816 1585 τῶν
848 1534 1033 1589 κακῶν
1065 1537 1154 1589 διὰ
1186 1537 1377 1604 φόϐου,
1417 1540 1511 1591 ἐπὶ
1560 1541 1659 1611 τὴν
1703 1541 1810 1594 τῶν

234 1620 448 1687 ἀρετῶν
475 1621 540 1674 δι’
581 1623 763 1691 ίσχύος
793 1627 1069 1695 ἐρχόμεθα
1095 1628 1295 1696 πρᾶξιν
1326 1648 1339 1661 ’
1374 1631 1556 1683 ἀπὸδὲ
1575 1631 1674 1700 τῆς
1703 1632 1811 1685 τῶν

234 1711 447 1780 ἀρετῶν
504 1715 776 1782 πράξεως,
829 1718 924 1769 ἐπὶ⁵
962 1718 1061 1787 τὴν
1108 1720 1382 1789 διάκρισιν
1426 1721 1527 1790 τῆς
1557 1714 1761 1791 ’βουλῆς
1792 1736 1806 1751 ⁸

1910 612 2221 682 contingit;
2286 616 2517 684 spiritus
2579 622 2897 688 sapientiae,
2962 623 3355 691 spiritaliorum
3415 624 3472 679 in

1908 705 2180 759 mandatis
2198 708 2467 761 rationum
2515 712 2568 763 in
2614 712 2908 768 Auctorem
2931 724 2985 768 et
3011 732 3229 770 causam
3263 731 3467 769 assum-7

1909 797 2027 867 ptio
2058 799 2320 867 unioque,
2347 817 2476 870 qua,
2502 802 2685 871 ignota
2720 806 2951 868 ratione.
2976 823 3095 875 qua:
3118 809 3172 861 in
3199 809 3311 861 Deo
3345 816 3475 863 sunt

1910 904 2092 942 rerum
2118 890 2355 945 rationes
2383 893 2705 962 simpliciter
2740 895 2939 963 (quoad
2963 897 3277 953 hominibus
3321 899 3470 966 licet)

1908 979 2133 1044 edocti,
2194 982 2345 1035 velut
2398 999 2463 1037 ex
2504 984 2690 1039 cordis
2743 986 2978 1054 quadam
3035 990 3364 1059 scaturigine
3409 1004 3474 1044 ac

1908 1071 2058 1126 fonte
2082 1114 2096 1137 ,
2134 1073 2489 1129 exsistentem
2539 1075 2595 1129 in
2637 1077 2912 1133 universis
2944 1079 3228 1133 veritatem
3251 1120 3266 1144 ,
3323 1081 3471 1135 varie

1910 1161 2034 1215 aliis
2052 1162 2371 1218 hominibus
2404 1167 2796 1235 expromimus.

1979 1275 2064 1329 40.
2096 1276 2177 1329 Ab
2197 1276 2265 1330 iis
2293 1292 2413 1346 qua:
2438 1293 2467 1331 a
2498 1279 2607 1331 Deo
2632 1290 2902 1348 postrema
2931 1291 3077 1346 sunt,
3104 1282 3264 1337 nobis
3289 1292 3472 1337 autem

1910 1367 2158 1434 proxima
2200 1367 2458 1435 velutque
2501 1369 2783 1433 haerentia,
2812 1371 2875 1424 ad
2914 1372 3110 1439 prima,
3131 1382 3291 1441 atque
3321 1390 3350 1426 a
3373 1389 3471 1425 uo-

1911 1463 1995 1517 bis
2020 1464 2241 1534 quidem
2267 1474 2499 1528 remota,
2553 1466 2665 1519 Deo
2704 1475 2885 1520 autem
2917 1468 3187 1536 proxima,
3234 1468 3315 1521 via
3342 1483 3476 1537 qua-

1910 1554 2033 1609 dam
2083 1555 2387 1624 ordineque
2434 1557 2804 1609 ascendimus.
2856 1557 2938 1610 Ab
2979 1572 3046 1611 eo
3075 1558 3220 1610 enim
3263 1556 3407 1627 quod
3444 1573 3474 1611 a

1910 1645 2067 1698 malis
2102 1661 2201 1712 per
2223 1645 2474 1697 timorem
2499 1645 2890 1707 abstineamus,
2920 1646 2988 1699 ad
3012 1648 3275 1700 virtutum
3307 1662 3472 1715 opera

1908 1749 2005 1803 per
2029 1734 2404 1788 fortitudinem
2428 1735 2729 1802 prmstanda
2753 1736 3034 1801 venimus;
3071 1751 3101 1790 a
3128 1737 3475 1805 przestatione

232 1802 344 1854 ἀπὸ
371 1804 427 1856 δέ
454 1804 549 1873 τῆς
585 1805 937 1877 διακρίσεως,
992 1812 1083 1863 ἐπὶ
1110 1810 1208 1881 τὴν
1253 1811 1367 1875 ἕξιν
1416 1812 1525 1865 τῶν
1576 1815 1806 1883 ἀρετῶν,

1911 1824 2074 1894 568
2110 1834 2290 1879 autem
2323 1826 2612 1891 virtutum,
2656 1826 2721 1880 ad
2748 1826 2961 1881 consilii
2998 1826 3416 1891 discretionem;
3445 1845 3476 1881 a

232 1893 403 1962 ἧγουν
430 1895 743 1967 ἐπιστήμην
772 1914 787 1927 ·
830 1900 937 1953 ἀπὸ
979 1902 1035 1954 δέ
1083 1904 1182 1973 τῆς
1226 1903 1388 1968 ἕξεως
1433 1905 1544 1959 τῶν
1576 1907 1805 1977 ἀρετῶν,

234 1985 331 2038 ἐπὶ
381 1988 479 2058 τὴν
529 1991 733 2057 γνῶσιν
766 1994 874 2047 τῶν
901 1998 958 2048 ἐν
984 1998 1174 2061 αὐταῖς
1192 2001 1315 2062 ταῖς
1339 2000 1560 2068 ἀρεταῖς
1585 2001 1758 2069 λόγων
1791 2018 1805 2033 ·

236 2076 347 2130 ἀπὸ
366 2079 422 2132 δὲ
449 2081 672 2152 ταύτης,
703 2086 781 2146 είς
802 2084 900 2155 τὴν
916 2088 1051 2157 πρὸς
1084 2089 1210 2152 τοὺς
1230 2090 1601 2159 ἐγνωσμένους
1622 2092 1810 2160 λόγους

232 2170 348 2222 τῶν
394 2171 605 2242 ἀρετῶν
654 2178 1083 2248 μεταποιητικὴν
1126 2180 1259 2246 ἕξιν·
1297 2182 1440 2252 φημὶ
1472 2182 1527 2235 δὲ
1556 2183 1654 2253 τὴν
1683 2185 1808 2238 σύν-

231 2275 352 2312 εσιν
377 2276 395 2295 ε
426 2262 522 2314 καὶ
553 2263 664 2316 ἀπὸ
699 2265 925 2337 ταύτης,
962 2269 1041 2329 εἰς
1095 2269 1194 2338 τὴν
1222 2269 1403 2339 ἁπλῆν
1435 2270 1533 2339 τῆς
1567 2272 1625 2324 ἐν
1667 2270 1809 2334 ὅλοις

232 2347 492 2420 ἀληθείας
529 2354 733 2424 ἀκριϐῆ
776 2355 1009 2428 θεωρίαν
1043 2374 1056 2388 ·
1093 2359 1187 2426 ἀφ’
1220 2353 1290 2430 ἦς
1326 2358 1656 2430 ὁρμώμενοι,
1683 2362 1809 2414 πολ-

233 2440 362 2503 λοὺς
415 2444 511 2497 καὶ
562 2447 840 2510 ποικίλους
881 2450 945 2501 ἐκ
976 2452 1075 2519 τῆς
1113 2450 1224 2503 τῶν
1252 2450 1425 2504 ὄντων
1448 2451 1723 2521 αἰσθητῶν
1748 2469 1807 2506 τε

231 2533 331 2585 καὶ
350 2534 559 2604 νοητῶν
590 2536 790 2591 οὐσιῶν
828 2539 999 2608 σοφῆς
1024 2539 1280 2612 θεωρίας,
1331 2542 1577 2606 εὐσεϐεῖς
1618 2542 1808 2611 λόγους

230 2626 363 2695 περὶ
392 2626 493 2696 τῆς
522 2628 782 2694 ἀλτηθείας
810 2629 1190 2685 ἀποδώσομεν.

307 2925 417 2990 μα’.
449 2920 523 2974 To
552 2919 687 2985 πρὸς
718 2922 866 2990 ἡμᾶς
884 2923 1007 2975 κατ’
1036 2922 1323 2993 ἐνέργειαν
1349 2924 1562 2994 πρῶτον
1581 2925 1801 2993 ἀγαθὸν,

228 3012 367 3082 ὅπερ
413 3011 562 3064 ἐστὶν
596 3012 624 3063 ό
681 3011 863 3079 φόϐος,
917 3011 1225 3067 τελευταῖον
1258 3014 1681 3086 ἀπηριθμήσατο
1707 3016 1805 3086 τῆς

229 3099 454 3169 Γραφῆς
476 3102 503 3153 ὁ
525 3100 701 3168 λόγος,
726 3101 800 3164 ὠς
824 3101 1017 3170 σοφίας
1044 3103 1243 3173 ἀρχὴν,
1266 3104 1360 3171 ἀφ’
1382 3097 1443 3156 οὗ
1476 3104 1801 3173 κινούμενοι,

1911 1917 2242 1971 discretione
2268 1925 2474 1981 autem,
2507 1916 2573 1970 ad
2610 1917 2875 1970 virtutum
2903 1918 3172 1981 habitum,
3206 1920 3320 1971 sive
3348 1934 3478 1987 pru-

1910 2007 2181 2070 dcntiam;
2227 2022 2257 2060 a
2289 2006 2555 2059 virtutum
2607 2016 2791 2061 autem
2838 2008 3051 2070 habitu,
3094 2007 3161 2060 ad
3200 2008 3474 2061 rationum

1908 2096 1964 2149 in
2002 2097 2301 2150 virtutibus
2334 2097 2466 2166 ipsis
2497 2098 2810 2163 scientiam;
2847 2099 2915 2152 ab
2946 2099 3168 2167 illaque,
3212 2098 3279 2152 ad
3315 2098 3475 2152 habia

1909 2195 2024 2240 tum
2062 2204 2171 2256 quo
2225 2188 2293 2241 ad
2336 2189 2646 2258 exploratas
2692 2189 2852 2242 nobis
2900 2190 3170 2242 virtutum
3227 2190 3473 2244 rationes

1909 2277 2280 2332 convertimur
2314 2279 2367 2331 in
2387 2293 2587 2347 easque
2614 2286 3065 2340 transmutamur,
3093 2293 3289 2347 nempe
3311 2278 3474 2332 intel-

1907 2367 2221 2437 ligentiam;
2262 2375 2424 2436 atque
2456 2369 2523 2421 ab
2552 2368 2677 2432 hoc,
2714 2368 2778 2422 ad
2807 2368 3111 2436 simplicem
3152 2368 3398 2422 veritatis
3419 2369 3475 2423 in

1908 2458 2186 2512 universis
2238 2467 2547 2513 accuratam
2617 2459 3188 2529 contemplationem:
3244 2475 3311 2514 ex
3367 2477 3473 2529 qua

1907 2549 2138 2619 profecti
2173 2550 2393 2620 orsique
2418 2590 2432 2614 ,
2469 2550 2657 2619 plures
2679 2559 2843 2618 atque
2892 2550 3160 2612 diversas,
3195 2564 3261 2603 ex
3289 2567 3473 2605 rerum

1909 2649 2024 2694 tum
2050 2656 2171 2709 quae
2196 2641 2250 2693 in
2284 2656 2503 2694 sensum
2532 2640 2754 2704 cadunt,
2784 2650 2898 2695 tum
2923 2656 3042 2710 quae
3069 2649 3249 2695 mente
3275 2643 3475 2696 intelli-

1907 2739 2130 2803 guntur,
2175 2732 2368 2800 pietati
2398 2732 2670 2787 haarentes
2695 2731 2762 2786 de
2786 2732 3015 2787 veritate
3062 2732 3357 2788 reddemus
3386 2748 3473 2786 ra-

1908 2824 2106 2878 tiones.

1975 2938 2064 2993 41.
2101 2937 2342 2991 Primum
2364 2936 2544 3007 quoad
2582 2952 2680 2991 nos
2715 2937 2767 2990 in
2802 2946 2925 2991 actu
2962 2936 3188 3001 bonum,
3221 2935 3471 2989 timorem

1907 3026 2137 3091 scilicet,
2169 3035 2504 3096 postremum
2545 3025 2821 3080 recensuit
2862 3024 3176 3094 Scriptura,
3213 3034 3472 3094 tanquam

1906 3115 2188 3185 sapienthe
2215 3116 2542 3184 principium
2570 3132 2583 3179 ;
2621 3132 2650 3168 a
2685 3131 2793 3183 quo
2818 3114 2982 3167 ducto
3016 3122 3196 3167 motus
3222 3113 3471 3175 exordio,

230 3191 365 3261 πρὸς
403 3190 464 3243 τὸ
494 3190 594 3259 τῆς
630 3190 822 3260 σοφίας
848 3191 1001 3255 τέλος
1025 3192 1123 3263 τὴν
1156 3191 1373 3246 σύνεσιν
1396 3192 1490 3262 (c),
1521 3192 1803 3246 ἀναϐαίνο-

1904 3208 1971 3263 ad
1996 3210 2273 3277 sapientia:
2297 3208 2460 3263 ﬁnem
2488 3206 2565 3277 (id
2596 3215 2699 3267 est,
2743 3206 3182 3276 intelligentiam)
3206 3206 3430 3259 asceudi
3455 3236 3469 3246 ε

233 3298 352 3353 μεν,
399 3281 519 3353 μεθ’
557 3283 623 3353 ἠν
669 3285 955 3353 προσεχεῖς
1008 3283 1158 3355 αὐτῷ
1216 3284 1479 3355 γινόμεθα
1529 3285 1609 3355 τῷ
1661 3285 1798 3355 Θεῷ,

234 3370 403 3439 μόνην
453 3370 551 3440 τὴν
608 3370 799 3439 σοφίαν
850 3372 952 3442 τῆς
1005 3373 1143 3443 πρὸς
1175 3375 1337 3428 αὐτὸν
1366 3374 1611 3437 ἐνώσεως
1644 3394 1799 3445 μεσι-

230 3461 490 3515 τεύουσαν
534 3461 772 3532 ἔχοντες.
804 3464 877 3515 Οὐ
915 3464 1021 3534 γάρ
1045 3464 1160 3516 ἐστι
1189 3464 1415 3518 δυνατὸν
1445 3466 1801 3519 ἐπιλαϐέσθαι

232 3552 442 3620 σοφίας,
482 3552 571 3605 τὸν
597 3553 672 3623 μὴ
708 3554 974 3624 πρότερον
1001 3554 1088 3607 διά
1115 3554 1209 3609 τοῦ
1239 3557 1425 3626 φόϐου,
1464 3557 1558 3611 καὶ
1584 3557 1692 3609 τῶν
1714 3557 1801 3609 διὰ

233 3642 399 3712 μέσου
426 3642 630 3695 λοιπῶν
657 3643 1030 3714 χαρισμάτων,
1065 3644 1165 3715 τὴν
1202 3662 1261 3698 τε
1294 3646 1591 3716 λήμηνίτῆς
1622 3646 1801 3715 ἀγνοί-

229 3750 318 3797 ας,
358 3734 452 3786 καὶ
486 3733 577 3787 τὸν
638 3735 738 3804 τῆς
783 3735 981 3797 κακίας
1036 3736 1334 3807 κονιορτὸν,
1373 3737 1566 3790 ἐαυτοῦ
1602 3753 1802 3790 παντε-

228 3822 338 3885 λῶς
360 3823 816 3894 ἀποσεισάμενον.
864 3824 962 3878 Διά
1003 3824 1162 3879 τοῦτο
1215 3826 1333 3897 Θεῷ
1390 3828 1509 3897 μὲν,
1557 3830 1800 3899 προσεχῆ

227 3915 326 3984 τὴν
367 3916 556 3984 σοφίαν
587 3954 602 3979 ,
640 3917 773 3985 ἡμῖν
810 3914 888 3982 δὲ,
923 3916 1014 3969 τὸν
1047 3917 1211 3986 φόϐον
1268 3920 1301 3987 ἡ
1360 3918 1603 3990 γραφικὴ
1651 3921 1800 3986 τάξις

229 4005 496 4077 διέθηκεν,
549 4006 634 4060 ἶνα
698 4008 859 4077 ἡμεῖς
907 4008 1158 4079 εὐταξίας
1219 4010 1478 4081 μάθωμεν
1532 4012 1653 4082 ὅρον
1709 4013 1801 4067 καὶ

228 4098 411 4166 νόμον.

304 4209 413 4281 μ6’.
444 4212 541 4264 Διά
568 4211 774 4264 τούτων
800 4207 891 4265 οὖν
937 4213 1319 4275 ἀναϐαίνοντες
1358 4214 1465 4265 τῶν
1509 4214 1801 4283 ὀφθαλμῶν

226 4301 330 4369 τῆς
382 4302 637 4365 πίστεως,
694 4304 858 4373 ήγοον
888 4304 1202 4373 φωτισμῶν,
1239 4306 1374 4373 πρὸς
1399 4306 1496 4374 τὴν
1524 4304 1671 4358 θείαν
1702 4307 1799 4373 τῆς

232 4392 424 4460 σοφίας
472 4394 817 4463 συναγόμεθα
862 4397 1065 4464 μονάδα
1093 4412 1106 4425 '
1160 4398 1257 4466 τὴν
1310 4399 1685 4466 γεγενημένην
1731 4397 1797 4449 δι’

229 4484 377 4553 ἡμᾶς
430 4482 536 4535 τῶν
586 4487 940 4556 χαρισμάτων
990 4486 1273 4555 διαίρεσιν,
1309 4491 1445 4559 πρὸς
1487 4489 1584 4558 τὴν
1617 4488 1794 4541 αἰτίαν

229 4574 337 4627 τῶν
385 4576 740 4645 χαρισμάτων
776 4579 1125 4645 συνάγοντες,
1162 4581 1279 4642 ταῖς
1320 4580 1456 4632 κατά
1492 4580 1653 4649 μέρος
1683 4580 1789 4631 τῶν

228 4666 438 4734 ἀρετῶν
464 4666 783 4729 ἀναϐάσεσι,
834 4672 1001 4739 μηδὲν
1029 4670 1138 4721 τῶν
1187 4672 1490 4740 εἰρημένων
1532 4671 1791 4741 συνεργίᾳ

228 4756 364 4809 Θ;οὖ
392 4759 920 4829 παραλιμπάνοντες,
949 4762 1032 4813 ἴνα
1060 4762 1133 4832 μὴ
1163 4764 1281 4814 κατ’
1317 4762 1493 4828 ὀλίγον
1532 4761 1795 4831 ἀμελοῦνο

226 4868 336 4912 τες,
361 4853 562 4921 τυφλὴν
604 4852 761 4921 ἡμῶν
806 4853 901 4923 τὴν
954 4855 1131 4906 πίστιν
1163 4855 1256 4911 καὶ
1286 4855 1597 4923 ἀνόμματον
1622 4870 1793 4905 κατα-

230 4942 533 5011 στήσωμεν,
592 4944 690 4995 οὐκ
746 4944 971 5012 ἔχουσαν
1002 4946 1120 5007 τοὺς
1182 4946 1267 4997 διὰ
1313 4946 1421 4997 τῶν
1468 4945 1640 5013 ἔργων
1694 4942 1787 4995 τοῦ

229 5034 542 5102 Πνεύματος
579 5036 909 5105 φωτισμοὺς,
957 5038 1051 5090 καὶ
1089 5038 1442 5107 κολασθῶμεν
1463 5036 1684 5099 δικαίως
1710 5037 1788 5099 είς

272 5208 372 5288 ⁸(ι’)
403 5213 673 5288 ’Πρὸς-τὸ
719 5215 829 5288 τῆς
877 5218 1094 5284 σοφίας
1123 5217 1294 5283 τέλος
1344 5217 1458 5283 τὴν
1509 5218 1787 5288 σύνεσιν.

228 5281 551 5355 εἰιιςιιίθνίξ
583 5284 673 5337 hic
722 5281 1123 5341 videtur'vocis
1153 5281 1304 5350 τέλος
1356 5281 1622 5355 acceptio.
1671 5287 1787 5341 Non

229 5350 763 5425 enim‘intclligentia
797 5364 851 5407 et
902 5355 1116 5425 σύνεσις
1168 5357 1388 5425 proprie
1421 5350 1545 5410 linis
1586 5366 1669 5411 cst
1700 5372 1788 5409 sa—

228 5421 469 5542 pic-mina,
497 5436 619 5475 cum
655 5424 768 5477 hazc
792 5423 1089 5493 perfectior
1120 5421 1191 5479 sit
1220 5421 1575 5494 omniumque
1629 5426 1789 5479 abso-

252 5502 384 5542 utlo.
408 5506 511 5542 qua
537 5492 635 5542 insi
657 5494 966 5542 immediate
997 5496 1217 5542 nnimnr
1248 5497 1377 5542 Dent
1406 5495 1500 5542 sed
1534 5496 1785 5542 ultimum

252 5490 384 5551 utio,
408 5506 511 5558 qua
537 5492 635 5561 ipsi
656 5490 966 5548 iniure-diale
997 5496 1217 5547 unimur
1248 5497 1378 5560 Deo;
1406 5490 1500 5549 sed
1534 5496 1786 5549 ultimum

231 5570 315 5611 r-st
344 5566 399 5634 et
433 5563 586 5634 quasi
619 5562 795 5627 limes,
824 5564 966 5634 ὄρος,
994 5581 1103 5634 quo
1131 5574 1410 5633 postremo
1461 5566 1784 5633 sapientiam

232 5628 616 5703 nanciscimur,
646 5648 746 5685 nec
773 5628 916 5686 aliud
947 5628 1211 5688 Mdvinius
1254 5635 1355 5689 hac
1380 5628 1636 5703 loquendi
1674 5635 1784 5687 fur-

234 5713 331 5772 ma
354 5699 625 5772 voluerit;
657 5703 881 5772 ultimus
913 5704 1123 5757 scilicet
1154 5706 1219 5757 ad
1258 5720 1375 5758 eam
1409 5699 1627 5772 gradus.
1681 5704 1782 5768 Qui

236 5767 355 5822 \L'iil
383 5767 528 5833 τέλος
564 5771 672 5837 hic,
696 5771 975 5838 eth-ctum,
999 5789 1139 5839 esse,
1176 5790 1338 5845 quam
1370 5767 1489 5846 ejus
1528 5775 1678 5830 vocis
1708 5767 1782 5828 Si-

1902 3315 2023 3353 mus
2051 3315 2063 3351 :
2092 3314 2253 3367 quem
2280 3299 2446 3362 nacti,
2479 3299 2591 3352 Deo
2618 3298 2865 3367 proxime
2890 3297 3232 3351 cohzerentcs
3256 3336 3270 3360 ,
3299 3297 3471 3352 solam

1902 3389 2120 3443 unionis
2157 3405 2280 3443 eum
2324 3389 2439 3458 ipso
2476 3388 2716 3442 medium
2749 3389 3029 3441 vinculum
3084 3388 3348 3441 habemus
3388 3403 3470 3441 sa-

1901 3477 2182 3546 pientiam.
2243 3478 2359 3531 Non
2413 3478 2559 3531 enim
2614 3492 2841 3545 usquam
2897 3475 3095 3545 aliquis
3145 3477 3468 3545 sapientiam

1900 3567 2293 3635 apprehendat,
2335 3568 2465 3636 quin
2498 3566 2653 3635 prius
2682 3584 2778 3637 per
2807 3568 3057 3621 timorem
3084 3566 3339 3636 donaque
3378 3583 3468 3621 rc-

1900 3659 2047 3727 liqua
2078 3659 2382 3729 interjecta,
2414 3674 2443 3713 a
2478 3673 2535 3711 se
2579 3658 2695 3727 ipse
2729 3668 2842 3711 tum
2887 3657 3205 3727 ignorantia:
3248 3658 3468 3721 lentam,

1903 3759 2014 3802 tum
2052 3750 2271 3803 malitia:
2312 3750 2590 3819 pulverem
2624 3750 2846 3818 penitus
2870 3749 3192 3803 excusserit.
3233 3748 3470 3811 Idcirco,

1899 3836 2009 3890 Deo
2035 3837 2256 3906 quidem
2281 3838 2527 3907 proxime
2556 3837 2896 3906 sapientiam,
2917 3838 3078 3892 nobis
3100 3845 3282 3891 autem
3312 3838 3472 3890 timo-

1901 3942 2037 3991 rem,
2088 3927 2383 3995 Scripturm
2417 3927 2552 3980 ordo
2589 3927 2818 3997 digessit
2848 3938 2911 3981 ut
2951 3938 3007 3982 et
3040 3943 3142 3983 nos
3176 3928 3469 3997 compositi

1900 4015 2109 4070 ordinis
2140 4017 2409 4070 rationem
2441 4016 2724 4086 legemque
2751 4016 3085 4071 noverimus.

1971 4217 2058 4295 εΗ..
2092 4217 2193 4270 Per
2221 4217 2319 4269 hos
2362 4217 2525 4285 igitur
2550 4217 2671 4269 lich
2710 4216 2920 4277 oculos,
2962 4217 3067 4270 hoc
3092 4226 3193 4279 est,
3227 4217 3477 4274 illustra~

1901 4306 2096 4368 tiones,
2132 4306 2185 4358 in
2239 4305 2484 4357 divinam
2522 4304 2815 4373 Sapientite
2868 4306 3117 4374 cogimur
3166 4308 3468 4374 unitatem;

1898 4411 2019 4448 eam
2066 4396 2295 4457 scilicet,
2337 4410 2456 4462 qua:
2504 4404 2729 4462 prepter
2780 4410 2880 4449 nos
2923 4397 3165 4462 exstitit,
3196 4399 3471 4456 donorum

1899 4488 2245 4550 divisionem,
2273 4486 2326 4539 in
2345 4486 2614 4539 donorum
2640 4486 2817 4554 ipsum
2835 4488 3133 4543 Auctorem
3159 4504 3222 4543 ac
3246 4504 3472 4548 causam

1895 4581 2229 4649 colligentes,
2255 4578 2680 4648 particularibus
2700 4580 2963 4634 virtutum
2987 4583 3473 4651 progressionibus

1894 4686 2085 4725 eorum
2108 4686 2224 4739 quae
2245 4670 2387 4723 dicta
2409 4678 2555 4731 sunt,
2574 4669 2685 4722 Deo
2703 4671 2942 4738 auspice,
2966 4673 3101 4725 nihil
3118 4675 3469 4739 omittentes;

1898 4779 1987 4826 ne,
2012 4763 2139 4815 dum
2169 4762 2425 4830 paulatim
2449 4761 2793 4830 negligimus,
2818 4777 3012 4816 caecam
3036 4776 3274 4818 nostram
3303 4765 3467 4822 ﬁdem

1900 4863 2062 4923 atque
2103 4854 2278 4907 oculis
2330 4852 2575 4905 orbatam
2625 4860 2928 4907 statuamus
2955 4893 2970 4917 ,
3018 4871 3181 4924 quam
3215 4856 3463 4911 absentia

1892 4961 2142 5013 operum,
2183 4944 2419 5012 Spiritus
2467 4941 2861 4997 illustrationcs
2899 4945 3184 5011 deficiant;
3231 4948 3454 5001 merito-

1894 5053 1998 5106 quc
2040 5036 2093 5088 in
2129 5035 2335 5088 infinita
2370 5037 2563 5089 swcnln
2596 5037 2910 5105 puniantur,
2944 5046 3004 5090 ut
3035 5039 3135 5107 qui
3172 5040 3227 5092 in
3273 5037 3454 5103 nobis,

1897 5214 2302 5283 guilicationcm
2357 5214 2500 5268 inter
2524 5216 2729 5285 primas
2762 5216 2908 5269 illius
2942 5216 3097 5284 ponit
3142 5212 3457 5278 Thesaurus,

1898 5302 1999 5337 nec
2029 5286 2120 5337 isa
2156 5301 2285 5339 vero
2319 5284 2539 5339 abierit;
2583 5286 2671 5339 Sic
2695 5286 2862 5348 enim,
2898 5302 2945 5339 c.
2998 5286 3087 5347 44,
3136 5285 3457 5354 sapientiam

1896 5355 2127 5407 monada
2192 5370 2286 5407 seu
2320 5356 2585 5408 unitatem
2643 5357 2869 5423 exponit
2918 5356 3201 5415 Maximus,
3251 5371 3316 5409 ex
3350 5371 3457 5422 qua

1894 5425 2128 5477 virtutes
2160 5425 2384 5491 reliquae
2423 5424 2795 5493 intelligantur
2819 5424 3136 5494 procedere,
3172 5425 3226 5477 in
3256 5425 3459 5492 quibus

1893 5494 2107 5561 origine
2146 5495 2318 5562 prima
2351 5496 2383 5562 ἠ
2420 5494 2653 5555 σύνεσις.
2695 5494 2808 5562 ipsa
2838 5512 2946 5564 quo
2973 5494 3037 5547 ad
3097 5509 3196 5547 nos
3243 5495 3454 5564 ultima,

1895 5578 1999 5629 qua
2034 5564 2358 5631 incipientes
2389 5578 2419 5616 a
2444 5565 2637 5617 timore
2670 5563 2895 5629 gradum
2920 5563 2983 5616 ad
3025 5564 3346 5632 sapientiam
3374 5563 3455 5615 fa-

1894 5634 2089 5689 cimus.
2127 5648 2246 5699 qu;e
2280 5642 2363 5686 est
2424 5633 2512 5685 illa
2540 5633 2808 5701 virtutum
2856 5635 2920 5686 ad
2975 5634 3145 5700 ipsam
3179 5632 3454 5683 ἀποκατάσ

1897 5718 2100 5772 στασις,
2136 5718 2231 5754 seu
2260 5702 2532 5755 revocatio
2558 5720 2568 5753 :
2595 5703 2740 5770 quod
2783 5713 3073 5772 utrumque
3106 5702 3455 5763 Maximusmt

1892 5770 2305 5837 subtilissimus,
2342 5772 2396 5827 in
2422 5780 2601 5826 mente
2637 5773 2910 5827 habuerit.
