4192 6436
249 436 375 501 1281

905 435 1236 498 CAPITUM
1271 434 1689 509 QUINQUIES
1723 433 2237 499 CENTEN’ORUM
2279 438 2664 502 CENTURIA
2703 441 2817 501 In.
2871 400 2875 405 ’

3340 441 3473 504 1232

318 544 424 613 μθ’.
463 541 724 611 Οὐράνιον
776 542 1088 612 οἱκητήριέν
1141 545 1307 608 ἐστιν,
1355 545 1389 613 ἡ
1440 545 1560 596 κατ’
1609 541 1804 610 ἀρετὴν

1979 548 2064 602 49.
2097 548 2330 603 Ctelestc
2351 550 2690 604 domicilium
2715 558 2820 613 est,
2860 546 3147 603 alfectibus
3181 562 3379 604 vacans
3411 567 3474 606 ac

242 633 457 702 ἀπαθὴς
511 634 648 696 ἕξις,
680 633 772 686 καὶ
803 636 834 702 ἠ
884 634 1050 704 μηδὲν
1080 633 1274 704 ἔχουσα
1306 636 1513 704 πλάνης
1539 633 1810 704 πολεμοῦν

240 726 378 794 αὐτῇ
405 725 598 794 νόημα,
641 725 860 792 γνῶσις.

315 823 376 869 ν’.
442 817 651 884 Ὥσπερ
711 816 862 878 τέλος
916 817 1234 886 κινηθείσης
1289 816 1514 886 μοιάδος
1565 814 1712 868 ἐστὶν
1772 814 1805 884 ἡ

247 907 469 975 μυριὰς,
513 907 605 959 καὶ
631 907 773 976 ἀρχὴ
802 907 876 976 μὴ
914 907 1227 978 κινηθείσης
1260 907 1518 976 μυριάδος
1570 905 1718 958 ἐστὶν
1770 906 1804 972 ἡ

246 998 419 1066 μονάς
450 1015 464 1028 ο
492 997 635 1069 ἀρχὴ
665 999 774 1067 γὰρ
806 999 1004 1062 παντὸς
1024 999 1232 1062 τέλους,
1255 999 1287 1067 ἡ
1310 999 1428 1050 κατ’
1459 998 1591 1050 αὐτὸ
1623 994 1806 1062 σαφῶς

239 1087 500 1158 ἀκινησία
530 1088 835 1159 καθέστηκε
860 1106 874 1119 ο
912 1089 1007 1141 καὶ
1033 1090 1184 1152 τέλος
1219 1088 1399 1158 πάσης
1427 1089 1618 1158 ἀρχῆς,
1654 1089 1686 1156 ἡ
1713 1087 1808 1155 τῆς

239 1181 364 1233 κατ’
407 1179 574 1249 αὐτὴν
619 1182 881 1250 κινήσεως
930 1180 1163 1250 ὑπάρχει
1209 1181 1598 1250 συμπλήρωσις
1624 1194 1636 1207 ·
1668 1177 1809 1229 οὕτω

237 1271 338 1323 καὶ
372 1272 406 1338 ἡ
439 1270 640 1332 πίστις,
670 1271 814 1341 ἀρχὴ
848 1273 987 1324 κατά
1016 1272 1178 1340 φύσιν
1207 1271 1417 1341 ἀρετῶν
1468 1270 1805 1338 ὑπάρχουσα,

237 1357 396 1418 τέλος
433 1357 542 1426 ἔχει
575 1359 668 1411 τοῦ
700 1359 766 1410 δι’
792 1359 972 1411 αὐτῶν
1005 1359 1212 1426 ἀγαθοῦ
1240 1362 1338 1428 τὴν
1369 1359 1757 1428 συμπλήρωσιν
1790 1373 1803 1385 ·

240 1449 338 1499 καὶ
372 1449 431 1500 τὸ
466 1449 606 1501 κατὰ
641 1450 803 1518 φύσιν
831 1452 1056 1518 ἀγαθὸν,
1087 1454 1160 1514 ὡς
1189 1452 1398 1522 ἀρετῶν
1428 1452 1598 1513 τέλος,
1639 1450 1808 1521 ἀρχὴν

238 1538 365 1608 ἔχον
390 1541 486 1610 τὴν
519 1542 719 1605 πίστιν,
751 1544 883 1613 πρὸς
913 1543 1082 1612 αὐτὴν
1135 1544 1450 1605 ὲνδιαθέτως
1498 1547 1807 1610 συνάγεται.

238 1630 429 1693 Πίστις
465 1632 571 1700 γάρ
619 1634 766 1684 ἐστιν
812 1633 1112 1685 ἐνδιάθετον
1174 1635 1398 1702 ἀγαθὸν,
1462 1636 1552 1686 καὶ
1607 1626 1810 1701 ἀγαθόν

234 1722 386 1773 ἐστιν
416 1720 776 1791 ἐνεργηθεῖσα
827 1724 1028 1786 πίστις.
1081 1726 1278 1786 Πιστὸς
1315 1725 1371 1776 δὲ
1430 1725 1570 1778 κατά
1628 1725 1807 1791 φύσιν,

179 1798 186 1804 ’
234 1812 334 1862 καὶ
357 1811 555 1879 ἁγαθός
577 1815 723 1865 ἐστιν
745 1815 774 1864 ὁ
797 1815 930 1876 Θεός
952 1831 964 1843 ·
1003 1817 1059 1867 τὸ
1093 1815 1212 1884 μὲν,
1241 1814 1316 1877 ὡς
1347 1815 1560 1886 πρῶτον
1587 1814 1806 1882 ἀγαθόν·

231 1905 300 1954 τὸ
326 1904 404 1966 δὲ,
447 1903 521 1966 ὡς
559 1905 786 1974 ἔσχατον
825 1906 1066 1977 ὀρεκτόν.
1095 1907 1301 1959 Ταύτὸν
1347 1907 1404 1958 δὲ
1446 1905 1616 1958 ταῦτα
1679 1906 1810 1958 καθ-
1844 1887 1882 1938 Β

235 1993 437 2063 έστηκε
460 1997 621 2048 παντὶ
648 1998 836 2066 τρόπῳ
847 1998 1094 2067 ἀλλήλοις
1106 1997 1258 2062 ὄντα,
1291 1997 1478 2066 μηδενὶ
1508 1995 1649 2066 λόγῳ
1674 1998 1810 2065 πλὴν

231 2082 333 2135 τοῦ
367 2084 484 2136 κατ’
519 2085 763 2138 ἐπίνοιαν
817 2087 1062 2157 ἀλλήλων
1100 2087 1454 2157 διαιρούμενα
1505 2088 1807 2149 παντελῶς,

231 2174 328 2225 διὰ
354 2175 452 2245 τὴν
485 2175 594 2227 τῶν
623 2180 718 2230 ἀπ’
755 2179 919 2230 αὑτοῦ
968 2179 1306 2250 ἀρχομένων,
1363 2179 1458 2232 καὶ
1514 2180 1592 2243 είς
1649 2179 1808 2230 αὐτὸν

233 2264 539 2334 ληγόντων,
564 2267 798 2336 κίνησιν,
837 2271 979 2339 Ἀρα
1008 2271 1041 2339 ἡ
1081 2269 1284 2340 μυριὰς
1314 2271 1540 2339 ἐσχάτου
1580 2270 1807 2340 ὀρεκτοῦ

234 2356 480 2427 φέρουσα
527 2361 715 2424 τύπον,
768 2361 876 2411 τῶν
920 2361 1056 2429 πρὸς
1081 2361 1216 2412 αὐτὸ
1244 2361 1576 2429 κινουμένων
1602 2359 1807 2412 τελείαν

232 2449 570 2518 περιγράφει
609 2452 712 2520 τὴν
751 2450 934 2518 ἔφεσιν
963 2468 977 2481 ’
1005 2453 1098 2503 καὶ
1127 2454 1158 2522 ἡ
1198 2451 1387 2521 μονὰς,
1423 2450 1637 2520 πρώτου
1672 2453 1805 2517 ἀγα·

233 2537 332 2590 θοῦ
375 2539 616 2608 φέρουσα
666 2539 956 2610 σύμϐολον,
1005 2542 1113 2593 τῶν
1147 2541 1240 2594 ἀπ’
1269 2539 1434 2593 αὑτοῦ
1474 2541 1804 2609 κινουμένων

230 2629 450 2682 τελείαν
483 2631 804 2702 ἐπιφέρεται
842 2631 999 2700 βάσιν
1031 2633 1158 2704 [duo
1183 2632 1310 2702 Reg.
1362 2631 1566 2702 cptisw}.

306 2797 405 2852 va'.
436 2797 634 2870 Πρώτη
672 2801 820 2853 ἐστιν
865 2800 1124 2866 ἀπάθεια,
1197 2802 1230 2869 ὴ
1310 2800 1574 2868 παντελὴς
1629 2799 1805 2870 ἀποχὴ

227 2889 343 2943 τῶν
394 2889 515 2943 κατ’
569 2891 849 2960 ἐνέργειαν
901 2891 1106 2955 κακῶν,
1163 2893 1222 2944 ἐν
1271 2893 1384 2953 τοῖς
1434 2890 1806 2960 εἰσαγομένοις

230 2980 580 3050 θεωρουμένη
613 2995 626 3007 ·
658 2981 887 3051 δευτέρα
919 2982 995 3047 δὲ,
1035 2983 1067 3051 ἡ
1100 2981 1365 3051 παντελὴς
1399 2981 1538 3034 κατά
1569 2981 1804 3034 διάνοιαν

230 3072 368 3140 περὶ
395 3072 492 3141 τὴν
524 3069 634 3124 τῶν
679 3072 867 3124 κακῶν
911 3073 1311 3138 συγκατάθεσιν
1350 3072 1592 3141 ἀποϐολὴ
1657 3072 1804 3138 λογι-

236 3162 414 3229 σμῶν,
445 3162 505 3213 ὲν
531 3163 644 3224 τοῖς
675 3163 811 3232 μετά
846 3162 1004 3229 λόγου
1033 3165 1132 3233 τὴν
1167 3162 1366 3233 ἀρετὴν
1393 3163 1635 3232 μετιοῦσι
1663 3179 1798 3230 γινο-

238 3252 377 3320 μένη
450 3251 604 3321 τρίτη
636 3253 713 3315 δὲ,
756 3254 788 3321 ὴ
834 3253 956 3304 κατ’
1009 3253 1309 3323 ἐπιθυμίαν
1361 3254 1488 3323 περὶ
1533 3253 1601 3306 τὰ
1655 3253 1800 3324 πάθη

231 3341 506 3411 παντελὴς
546 3345 826 3414 ἀκινησία,
863 3347 919 3397 ὲν
951 3348 1063 3406 τοῖς
1088 3344 1178 3398 διὰ
1208 3345 1315 3399 τῶν
1359 3346 1653 3415 σχημάτων
1679 3347 1804 3409 τοὺς

229 3431 422 3498 λόγους
448 3432 648 3500 νοητῶς
698 3434 991 3504 θεωμένοις
1037 3435 1145 3488 τῶν
1189 3436 1483 3506 ὁρωμένων
1513 3451 1525 3463 '
1569 3437 1800 3506 τετάρτη

227 3521 292 3574 δέ
321 3523 468 3574 ἐστιν
497 3523 754 3590 ἀπάθεια,
778 3526 811 3594 ἠ
838 3526 932 3579 καὶ
959 3526 1129 3596 αὐτῆς
1181 3526 1282 3596 τῆς
1314 3525 1474 3596 ψιλῆς
1505 3526 1801 3594 φαντασίας

231 3615 499 3677 παντελὴς
518 3614 802 3685 κάθαρσις,
833 3621 890 3670 ὲν
918 3621 1028 3681 τοῖς
1060 3620 1148 3672 διὰ
1177 3618 1431 3686 γνώσεως
1454 3620 1546 3673 καὶ
1570 3619 1802 3689 θεωρίας

231 3705 473 3774 καθαρὸν
527 3708 619 3758 καὶ
671 3708 860 3770 διειδὲς
911 3709 1176 3779 ἔσοπτρον
1210 3709 1304 3763 τοῦ
1339 3711 1473 3763 Θεοῦ
1498 3712 1799 3780 ποιησαμέ-

228 3817 344 3863 νοις
372 3803 433 3854 τὸ
466 3804 814 3872 ἡγεμονικὸν,
844 3803 1230 3872 συνισταμένη.
1272 3803 1328 3856 ’0
1355 3800 1530 3854 τοίνυν
1557 3801 1800 3871 καθάρας

229 3894 422 3945 ἑαυτὸν
469 3895 750 3964 ἐνεργείας
792 3895 1002 3958 παθῶν,
1057 3895 1150 3947 καὶ⁴
1190 3892 1293 3964 τῆς
1327 3894 1412 3948 ἐπ’
1447 3894 1628 3956 αὐτοῖς
1660 3893 1798 3946 κατὰ

226 3984 468 4037 διάνοιαν
503 3985 953 4052 συγκαταθέσεως
989 3985 1390 4058 ἐλευθερωθεὶς,
1422 3986 1517 4038 καὶ
1547 3984 1644 4053 τῆς
1671 3984 1796 4052 περὶ

228 4075 372 4127 αύτά
423 4075 540 4127 κατ’
591 4075 887 4146 ἐπιθυμίαν
947 4077 1214 4146 κινήσεως
1261 4076 1448 4128 στάσιν
1472 4073 1670 4137 λαϐὼν,
1703 4073 1797 4126 καὶ

227 4165 328 4233 τῆς
358 4165 533 4218 αὐτῶν
593 4165 754 4236 ψιλῆς
800 4165 1100 4234 φαντασίας
1148 4165 1238 4218 τὸν
1279 4164 1404 4219 νοῦν
1449 4165 1797 4232 καταστήσας

228 4251 547 4326 άμόλυντον,
585 4257 686 4322 τὰς
735 4258 1008 4327 τέσσαρας
1060 4257 1284 4325 γενικὰς
1337 4257 1602 4318 ἀπαθείας
1634 4256 1794 4324 ἔχων,

226 4347 508 4417 ἐξέρχεται
562 4349 657 4417 τῆς
710 4349 842 4418 ὕλης
893 4350 987 4401 καὶ
1017 4349 1127 4400 τῶν
1154 4348 1372 4413 ὑλικῶν,
1407 4351 1502 4401 καὶ
1532 4346 1666 4415 πρὸς
1698 4345 1796 4416 τὴν

226 4438 418 4508 νοεράν
447 4440 536 4490 καὶ
556 4438 704 4492 θείαν
734 4441 827 4491 καὶ
855 4440 1136 4510 εἰρηνικὴν
1157 4439 1265 4490 τῶν
1291 4438 1496 4509 νοητῶν
1518 4437 1796 4505 ἐπείγεται

224 4528 398 4599 λῆξιν.

294 4792 391 4864 νβ’.
451 4792 678 4866 Πρώτην
722 4793 991 4848 ἀπάθειαν
1021 4791 1194 4861 λέγει,
1220 4791 1318 4862 τὴν
1343 4792 1478 4862 πρὸς
1511 4793 1788 4863 ἁμαρτίαν

216 4883 318 4938 τοῦ
375 4884 624 4953 σώματος
677 4884 797 4936 κατ’
848 4883 1124 4953 ἐνέργειαν
1185 4881 1464 4951 ἀνέπαφον
1529 4883 1743 4952 κίνησιν
1773 4899 1786 4914 ο

215 4974 481 5044 δευτέραν
504 4974 584 5040 δὲ,
613 4974 711 5044 τὴν
733 4974 874 5028 κατά
897 4973 1082 5043 ψυχὴν.
1098 4973 1205 5026 τῶν
1231 4973 1493 5043 ὲμπαθῶν
1516 4973 1790 5043 λογισμῶν

214 5066 432 5122 τελείαν
455 5065 747 5135 ἀποϐολὴν,
776 5065 842 5118 δι’
868 5062 935 5137 ἦς
969 5063 1078 5118 τῶν
1125 5065 1313 5118 παθῶν
1354 5065 1790 5135 ἀπομαραίνεται

216 5156 367 5212 κατὰ
389 5157 487 5229 τὴν
519 5157 743 5227 πρώτην
775 5155 1042 5210 ἀπάθειαν
1072 5155 1306 5225 κίνησις,
1339 5155 1669 5220 ὲξάπτοντας
1697 5158 1785 5209 αὺο

213 5249 323 5318 τὴν
353 5248 489 5319 πρὸς
522 5249 804 5319 ἐνέργειαν
856 5248 956 5300 οὐκ
1005 5247 1206 5316 ἔχουσα
1237 5249 1361 5310 τοὺς
1404 5249 1668 5316 ἐμπαθεῖς
1710 5251 1796 5302 λο-

213 5341 453 5410 γισμούς
487 5357 500 5372 ·
525 5341 714 5411 τρίτην
745 5339 823 5403 δὲ,
851 5340 950 5409 τὴν
995 5339 1125 5408 περὶ
1164 5337 1233 5392 τά
1268 5338 1413 5407 πάθη
1453 5339 1666 5394 τελείαν
1691 5344 1788 5410 τῆς

213 5433 521 5503 ἐπιθυμίας
544 5433 855 5502 ἀκινησίαν,
893 5429 962 5484 δι’
995 5432 1059 5502 ἣν
1089 5431 1182 5483 καὶ
1224 5432 1251 5502 ἡ
1280 5430 1504 5500 δευτέρα
1543 5431 1788 5498 γίνεσθαι

213 5519 456 5589 πέφυκε,
483 5524 552 5592 τῇ
579 5521 688 5573 τῶν
713 5519 986 5590 λογισμῶν
1034 5519 1364 5588 καθαρότητι
1401 5520 1784 5591 συνισταμένη·

210 5610 489 5680 τετάρτην
524 5611 581 5663 δὲ
611 5610 759 5678 λέγει
782 5610 1072 5671 ἀπάθειαν,
1104 5609 1204 5678 τὴν
1234 5609 1375 5660 κατὰ
1406 5608 1644 5686 διάνοιαν
1683 5629 1787 5663 πα-

216 5699 333 5753 σῶν
387 5701 494 5754 τῶν
549 5699 823 5772 αἰσθητῶν
877 5696 1190 5769 φαντασιῶν
1244 5697 1458 5750 τελείαν
1509 5698 1786 5767 ἀπόθεσιν,

212 5791 343 5846 καθ’
375 5795 441 5863 ἢν
471 5794 684 5864 ἡτρίτη
714 5794 811 5862 τὴν
833 5793 1048 5862 γένεσιν
1076 5789 1320 5860 εἴληφεν,
1343 5789 1441 5842 οὐκ
1471 5789 1670 5859 ἔχουσα
1691 5793 1786 5855 τὰς

1909 639 2235 706 tranquillus
2263 639 2478 692 virtutis
2504 641 2750 706 habitus;
2781 640 3142 708 scientiaque,
3186 654 3308 708 qua:
3330 640 3479 696 nullo

1905 731 2114 785 erroris
2145 732 2380 800 cogitatu
2420 731 2650 800 falsique
2680 734 2871 786 notitia
2907 732 3280 802 impugnetur.

1977 820 2063 873 50.
2119 820 2588 885 Quemadmodum
2634 821 2862 875 unitatis
2912 831 3072 876 metm
3125 822 3286 892 570
3333 819 3477 888 ﬁnis,

1909 913 2109 981 myrias
2131 922 2248 977 est;
2279 913 2724 981 principiumque
2769 921 2928 964 motae
2962 913 3220 982 myriadis
3249 920 3332 966 cst
3361 913 3479 966 uni-

1910 1014 1989 1055 tas
2015 1005 2212 1070 (omnis
2241 1003 2386 1057 enim
2435 1002 2561 1056 linis
2603 1002 2933 1071 principium
2963 1040 2976 1062 ,
3021 1003 3139 1070 ejus
3193 1002 3478 1072 perspicue

1909 1091 2262 1145 itntnobilitas
2308 1100 2437 1155 est,
2506 1091 2737 1160 finisque
2785 1091 2965 1144 omnis
3000 1092 3274 1160 principii,
3331 1093 3479 1146 illius

1908 1193 2089 1235 motus
2113 1184 2573 1250 complementum
2601 1183 2704 1252 est)
2731 1183 2812 1236 sic
2841 1193 2895 1236 et
2929 1182 3085 1244 fides,
3120 1197 3245 1236 cum
3273 1183 3343 1236 sit
3382 1199 3480 1237 na-

1910 1283 2030 1326 tura
2057 1274 2318 1327 virtutum
2373 1274 2734 1342 principium,
2772 1275 2890 1343 ejus
2938 1275 3065 1327 boni
3112 1274 3482 1342 complemen-

1911 1375 2046 1424 tmn,
2076 1363 2222 1430 quod
2275 1378 2369 1430 per
2411 1362 2532 1415 illas
2582 1373 2893 1430 praestatur,
2949 1362 3112 1416 ﬁnem
3147 1364 3342 1428 habet;
3383 1363 3480 1416 bo-

1909 1471 2150 1521 ntnnquc
2206 1464 2433 1516 natura,
2488 1463 2744 1523 tanquam
2786 1455 2960 1522 ipsum
3009 1454 3272 1508 virtutum
3321 1455 3475 1516 ﬁnis.

1909 1548 2053 1615 quod
2118 1547 2275 1599 fidem
2327 1546 2659 1614 principium
2707 1545 2925 1608 habeat,
2982 1545 3047 1597 ad
3096 1560 3217 1598 eam
3264 1547 3478 1599 interno

1911 1639 2093 1689 animo
2131 1637 2433 1705 colligitur.
2473 1638 2569 1690 Est
2619 1637 2766 1690 enim
2812 1635 2946 1689 ﬁdes
2973 1636 3178 1689 bonum
3218 1633 3387 1689 animi
3417 1652 3480 1688 ac

1914 1727 2222 1791 internum;
2296 1729 2652 1796 bonumque,
2726 1727 2904 1794 ipsum
2955 1726 3092 1781 ﬁdes
3143 1725 3330 1779 efﬁcax
3372 1737 3477 1796 est.

1915 1819 2072 1886 Atqui
2123 1821 2266 1871 Deus
2321 1830 2516 1871 natura
2555 1818 2727 1871 ﬁdelis
2767 1834 2829 1871 ac
2859 1819 3037 1870 bonus
3087 1829 3202 1884 est;
3249 1819 3479 1872 alterum

1910 1911 2152 1978 quidem,
2184 1918 2244 1962 ut
2274 1912 2511 1978 primmn
2560 1909 2763 1962 brutum
2794 1926 2808 1968 :
2845 1911 3077 1964 alterum
3108 1926 3274 1975 vero,
3303 1919 3364 1963 ut
3384 1926 3478 1964 su-

1911 2014 2159 2065 premum
2186 2000 2502 2067 appetibile.
2552 1999 2676 2052 Haec
2719 2014 2849 2052 vero
2883 2000 3025 2052 idem
3059 2001 3202 2055 inter
3244 2016 3303 2055 se
3331 2001 3478 2055 omni

1910 2088 2072 2140 modo
2102 2097 2248 2150 sunt,
2281 2089 2428 2141 nulla
2466 2105 2692 2158 prorsus
2738 2091 2953 2145 ratione
2995 2091 3277 2158 distincta,
3313 2110 3477 2162 quam

1909 2194 2027 2244 qua:
2069 2178 2254 2231 subtili
2306 2180 2546 2246 cogitatu
2597 2180 2876 2245 noscitur;
2912 2180 2983 2233 ob
3033 2196 3224 2234 eorum
3268 2183 3476 2236 scilicet

1909 2281 2140 2332 motum;
2178 2285 2298 2336 qua:
2329 2270 2398 2321 ab
2435 2269 2529 2322 illo
2567 2270 2775 2324 ducunt
2805 2271 3097 2338 originem,
3125 2281 3182 2325 et
3211 2272 3264 2325 in
3301 2272 3478 2342 ipsum

1907 2359 2189 2413 desinunt.
2249 2360 2447 2430 Myrias
2487 2361 2671 2430 igitur,
2705 2377 2825 2431 qua:
2875 2363 3116 2430 supremi
3169 2363 3478 2431 appetibilis

1906 2451 2133 2503 formam
2165 2460 2335 2520 gerat,
2359 2468 2548 2505 eorum
2577 2493 2590 2515 ,
2623 2468 2744 2522 qua:
2792 2452 2847 2505 in
2894 2452 3074 2520 ipsum
3131 2461 3478 2513 moveantur,

1907 2541 2202 2609 perfectam
2248 2543 2641 2611 appetitionem
2671 2541 2863 2596 deﬁnit
2900 2560 2914 2595 :
2951 2543 3236 2611 unitasque
3260 2581 3278 2607 ,
3315 2542 3474 2612 primi

1906 2632 2035 2686 boni
2062 2633 2330 2704 symbolo,
2356 2651 2548 2689 eorum
2574 2651 2693 2704 qua:
2733 2635 2801 2689 ab
2826 2636 2946 2704 ipso
2980 2643 3293 2698 meventur,
3345 2650 3474 2703 pcr-

1905 2723 2099 2777 fcctam
2137 2726 2307 2779 basim
2339 2726 2505 2779 infert
2530 2742 2593 2778 ac
2617 2725 3053 2780 fundamentum.

1973 2815 2059 2868 51.
2085 2815 2268 2870 Prima
2311 2814 2550 2869 ἀπάθεια
2588 2823 2672 2870 est
2699 2817 3121 2886 (imperturbatio
3173 2817 3476 2885 alfactuum-

1905 2919 2003 2972 quc
2027 2906 2287 2974 vacuitas)
2321 2920 2445 2959 cum
2467 2921 2496 2958 a
2525 2905 2682 2959 malis
2713 2904 2830 2974 ipso
2853 2920 3020 2974 opere
3038 2919 3276 2974 prorsus
3308 2904 3476 2959 absti-

1904 3009 2098 3047 nemus
2129 3010 2141 3046 :
2177 2994 2344 3062 inque
2389 2994 2496 3047 illis
2542 2995 2947 3057 consideratur,
2976 2994 3069 3062 qui
3097 2994 3278 3047 adhuc
3315 2993 3476 3046 indu-

1905 3092 2102 3134 cuntur
2137 3101 2148 3134 :
2184 3083 2441 3143 secunda,
2478 3097 2601 3135 cum
2627 3099 2818 3138 omnes
2857 3083 3058 3139 animo.
3085 3083 3288 3152 quibus
3320 3084 3476 3138 malis

1905 3173 2333 3238 consentiamus,
2389 3175 2750 3243 cogitationes
2809 3175 3127 3244 abigimus;
3160 3175 3324 3242 inque
3367 3176 3478 3228 illis

1905 3265 2192 3334 contingit,
2228 3265 2320 3334 qui
2349 3266 2558 3319 ratione
2588 3266 2786 3320 comite
2817 3267 3074 3320 virtutem
3107 3268 3313 3321 colunt.
3346 3267 3476 3320 Ter-

1906 3357 1998 3421 tia,
2047 3373 2170 3412 cum
2196 3358 2489 3426 appetendi
2530 3359 2760 3414 facultas
2805 3361 2958 3413 nullo
2999 3361 3161 3414 modo
3187 3359 3476 3415 affectibus

1902 3459 2152 3502 movetur
2183 3464 2245 3501 ac
2281 3449 2523 3513 libidine,
2579 3451 2633 3503 in
2691 3451 2757 3504 iis
2785 3451 2877 3519 qui
2921 3465 3017 3518 per
3055 3450 3255 3519 ﬁguras
3293 3466 3474 3532 rerum

1901 3543 2078 3595 oculis
2098 3542 2486 3610 subjectarum,
2511 3543 2835 3611 spiritaliter
2859 3543 3100 3596 rationes
3123 3551 3473 3596 contucntur.

1901 3633 2102 3697 Quarta
2128 3633 2364 3702 denique
2399 3634 2840 3702 impcrturbatio,
2868 3644 2952 3688 est
2990 3635 3071 3687 vel
3098 3635 3166 3688 ab
3190 3636 3305 3704 ipsa
3325 3635 3475 3689 nuda

1902 3718 2230 3786 cogitatione
2269 3721 2427 3792 plena
2464 3721 2780 3790 integraque
2805 3720 3161 3785 cmundatio;
3196 3723 3250 3775 in
3280 3723 3346 3776 iis
3372 3725 3471 3792 qui

1900 3822 2000 3875 per
2021 3809 2308 3863 scientiam
2332 3791 2389 3863 ei
2409 3811 2946 3879 contemplationem,
2982 3812 3245 3865 mundum
3270 3828 3332 3866 ac
3361 3814 3475 3882 pel—

1899 3896 2140 3950 lucidnm
2170 3898 2264 3951 Dei
2315 3899 2596 3966 speculum
2656 3908 2894 3952 mentem
2940 3900 3320 3955 reddiderunt.
3365 3902 3469 3973 Qui

1898 3989 2062 4059 igitur
2091 3989 2160 4042 ab
2189 3989 2305 4057 ipso
2336 4006 2394 4044 se
2416 3992 2676 4044 vitiorum
2701 4006 2799 4045 seu
2820 3991 3110 4046 libidinum
3138 4003 3260 4047 actu
3282 4009 3474 4048 emun-

1897 4079 2069 4143 davit,
2093 4095 2155 4133 ac
2192 4095 2261 4132 ne
2289 4079 2399 4135 illis
2424 4083 2606 4135 animo
2636 4084 2941 4138 consentiat
2978 4085 3119 4138 liber
3156 4087 3348 4150 evasit,
3388 4089 3470 4142 af-

1897 4170 2153 4239 fectuque
2195 4172 2260 4224 ad
2295 4187 2359 4226 ea
2397 4174 2604 4226 moveri
2654 4182 2816 4242 atque
2853 4174 2981 4230 illici
3015 4175 3180 4232 desiit
3215 4179 3349 4246 :qui
3384 4179 3470 4232 de-

1897 4259 2063 4327 nique
2102 4275 2133 4313 a
2177 4261 2327 4314 nudo
2362 4262 2480 4330 ipso
2526 4263 2765 4331 cogitatu
2802 4264 3178 4320 inluminatam
3228 4277 3464 4322 mentem

1897 4351 2154 4414 reddidit,
2190 4353 2237 4406 is
2263 4353 2677 4422 quadruplicem
2718 4357 3026 4424 genericam
3054 4359 3316 4413 ἀπάθειαν
3342 4361 3465 4431 (im-

1896 4442 2366 4508 pcrturbationem
2407 4443 2638 4513 scilicet)
2689 4453 2902 4508 nactus,
2949 4461 2980 4500 e
3022 4455 3166 4501 terra
3201 4451 3463 4504 terrenis~

1823 4537 1868 4593 D
1896 4547 2001 4600 quc
2033 4532 2331 4596 egreditur,
2384 4541 2440 4586 et
2487 4532 2556 4587 ad
2605 4534 2868 4587 mentium
2901 4535 3253 4607 divinamque
3299 4548 3463 4609 atque

1896 4632 2142 4693 pacatam
2174 4623 2505 4692 spiritalium
2541 4625 2805 4694 requiem,
2837 4626 3131 4698 beatasque
3158 4631 3314 4685 sedes
3332 4649 3464 4688 con-

1894 4714 2090 4768 tendit.

1962 4802 2048 4857 52.
2105 4803 2343 4858 Primam
2399 4806 2668 4860 ἀπάθειαν
2717 4809 3282 4877 (impcrturbationem
3331 4815 3459 4885 affe-

1892 4901 2172 4961 ctuumque
2199 4895 2550 4963 vacuitatem)
2599 4906 2778 4956 vocat,
2818 4898 3088 4952 illibatum
3132 4903 3382 4970 corporis
3405 4904 3462 4957 in

1889 4993 2173 5050 peccatum
2216 4984 2332 5052 ipso
2367 4994 2488 5039 actu
2517 4986 2672 5055 571
2705 4997 2942 5054 motum;
2974 4991 3196 5046 alteram
3221 5033 3233 5056 ,
3281 4990 3461 5062 perfe-

1890 5084 1976 5128 cte
2006 5076 2190 5128 animo
2216 5076 2497 5131 abdicatas
2547 5079 2869 5134 libidinosas
2909 5081 3155 5151 vitioque
3191 5085 3461 5139 hatrente's

1891 5167 2270 5235 cogitationes,
2300 5185 2366 5222 ex
2391 5185 2500 5238 quo
2526 5180 2630 5234 est,
2662 5179 2720 5223 ut
2740 5186 2841 5240 pro
2869 5171 3070 5241 prioris
3096 5174 3463 5242 imperturba-

1890 5260 2057 5312 tionis
2079 5259 2261 5323 modo,
2289 5261 2580 5314 libidinum
2604 5271 2783 5315 motus
2805 5263 3207 5334 cxstiuguatur,
3231 5267 3319 5320 cui
3339 5268 3465 5321 libi-

1891 5350 2096 5403 dinosae
2117 5351 2477 5417 cogitationes
2509 5351 2710 5415 desint,
2742 5354 2944 5422 quibus
2976 5355 3031 5408 in
3057 5368 3239 5410 actum
3261 5373 3458 5412 accen-

1890 5440 2050 5492 datur
2082 5457 2093 5492 :
2125 5441 2360 5504 tertiam,
2387 5441 2684 5509 perfectam
2713 5445 3022 5512 appetentis
3047 5446 3212 5499 animi
3251 5446 3305 5499 in
3329 5446 3459 5501 vitia

1889 5545 1953 5584 ac
1987 5530 2249 5584 libidines
2272 5531 2655 5596 cessationem,
2681 5549 2787 5601 qua
2809 5545 2864 5587 et
2892 5535 3131 5589 secunda
3160 5535 3238 5596 ﬁt,
3261 5551 3382 5604 qua:
3403 5538 3459 5591 in

1889 5622 2282 5691 cogitationum
2317 5623 2558 5691 puritate
2591 5625 2846 5679 consistit
2875 5643 2886 5676 :
2917 5637 3168 5693 quartam
3193 5626 3458 5695 denique,

1889 5724 1995 5778 qua
2033 5709 2281 5761 omnium
2332 5724 2452 5778 qua:
2500 5724 2663 5764 sensu
2711 5712 3056 5781 attinguntur
3100 5714 3462 5782 cogitationes

1890 5798 2076 5854 animo
2125 5798 2498 5869 proﬁigamus.
2533 5801 2676 5855 unde
2725 5809 2780 5856 et
2809 5802 2970 5857 tertia
3012 5813 3195 5858 ortum
3243 5803 3438 5859 habuit
