4192 6436
734 441 873 506 1983

1884 442 1942 501 S.
1983 442 2268 502 ΜΛΧῘΜΙ
2302 443 2807 503 CONFESSORIS

3836 450 3971 517 128!

726 564 913 604 rerum
947 547 1214 618 e}usmodi
1266 546 1689 617 cogitationibus
1718 561 1933 613 carens,
1983 550 2183 619 quibus
2207 552 2290 605 vi—

2399 552 2694 618 ραντασίας
2718 552 2826 606 τῶν
2857 551 3128 625 αἰσθητῶν
3164 554 3537 623 είδοποιοῦσας
3570 561 3709 632 αὐτῇ
3733 562 3847 614 τῶν
3872 578 3974 615 παι

726 639 928 692 tiorum
963 639 1225 707 imagines
1254 653 1316 691 ac
1353 638 1645 691 simulacra
1677 636 1756 691 illi
1785 637 2171 692 informentur.

796 728 884 781 55.
915 728 1169 795 Quisquis
1224 726 1459 779 actionis
1506 728 1685 779 cultor
1715 727 1819 791 sit,
1867 727 1995 782 huic
2041 734 2296 795 tanquam

726 816 868 870 servi
900 826 1063 883 atque
1104 816 1338 879 ancillae,
1374 816 1512 868 ratio
1538 815 1846 886 mentisque
1866 818 2121 886 cogitatio
2151 817 2298 871 labo-

728 915 872 968 rant,
904 906 1035 959 dum
1067 906 1327 961 studiosze
1351 907 1583 961 actionis
1609 908 1801 961 modos
1828 908 2188 961 adinveniunt
2209 918 2298 960 at-

726 1015 833 1068 que
859 998 1148 1062 fabricant,
1176 1014 1504 1068 omnemque
1554 999 1949 1068 propemodum
1981 1000 2089 1052 vim
2142 1014 2296 1053 suam

727 1090 782 1142 in
811 1090 1180 1158 nequissimos
1230 1089 1458 1157 spiritus
1483 1088 1680 1141 actioni
1709 1086 1947 1141 infensos
1978 1088 2296 1142 instructam

726 1180 934 1234 habent
955 1189 1116 1249 atque
1134 1188 1469 1233 contentam.
1491 1179 1715 1247 Expleta
1735 1186 1940 1242 autem,
1961 1193 2081 1248 qua:
2097 1178 2297 1232 actioni

725 1272 930 1336 studet,
961 1271 1325 1341 philosophia,
1356 1286 1517 1339 quam
1542 1269 1791 1325 senarius
1812 1285 2080 1324 annorum
2110 1285 2300 1325 nume-

726 1378 822 1416 rus
854 1361 1156 1431 designavit
1188 1361 1418 1428 (dictum
1461 1376 1697 1429 namque
1731 1369 1834 1423 est,
1870 1360 2144 1414 senarium
2193 1375 2297 1413 nu-

727 1468 937 1508 merum
970 1468 1089 1508 cam
1123 1461 1332 1522 partem
1369 1451 1732 1521 philosophia:
1773 1451 2018 1521 symbolo
2068 1451 2295 1512 referre,

724 1563 848 1615 quae
912 1546 1183 1599 actionem
1243 1543 1396 1610 colit)
1447 1543 1513 1595 ad
1570 1543 1869 1610 spiritalem
1907 1542 2068 1596 liberi
2136 1542 2300 1611 (ratio

724 1640 936 1693 scilicet
985 1636 1292 1705 mentisque
1342 1633 1617 1703 cogitatio)
1670 1634 2060 1698 dimittuntun;
2102 1648 2300 1701 nempe

723 1730 793 1783 ad
836 1728 1081 1783 affinium
1137 1728 1191 1781 in
1226 1728 1389 1780 rebus
1445 1724 1721 1778 rationum
1778 1724 2295 1793 contemplationem

724 1829 1094 1875 revertantur.

794 1913 882 1966 5.1.
931 1911 1135 1965 Servus
1174 1911 1475 1977 alienigena
1527 1922 1589 1960 ac
1625 1905 1914 1969 ancilla“,
1956 1905 2036 1958 ira
2074 1912 2203 1960 sunt
2246 1916 2302 1959 et

723 2000 1023 2070 cupiditas;
1055 2015 1191 2069 quos
1214 2000 1427 2052 animus
1457 1995 1903 2065 contemplationi
1934 1992 2173 2055 deditus,
2201 2010 2302 2063 per

723 2090 1102 2145 fortitudinem
1142 2104 1205 2142 ac
1226 2088 1663 2155 temperantiam,
1694 2086 1922 2139 rationis
1947 2100 2166 2153 semper
2197 2085 2301 2138 do-

724 2181 892 2235 minio
923 2180 979 2233 in
1009 2179 1271 2233 virtutum
1302 2179 1627 2247 obsequium
1659 2176 1967 2245 mancipat;
2001 2174 2147 2229 haud
2179 2189 2298 2230 om-

723 2273 857 2325 nino
879 2270 1129 2325 libertate
1161 2269 1393 2333 donans,
1440 2277 1602 2322 autve
1632 2267 1937 2328 dimittens,
1969 2265 2147 2319 donec
2199 2281 2299 2319 na-

724 2369 864 2415 turae
904 2362 987 2415 lex
1036 2360 1106 2413 ab
1143 2359 1371 2427 spiritus
1400 2359 1517 2427 lege
1563 2358 1823 2426 absorpta
1858 2355 2048 2418 fuerit,
2094 2370 2158 2410 ac
2191 2355 2237 2408 si
2269 2369 2299 2407 a

724 2451 834 2504 vita
892 2447 1103 2503 infinita
1159 2446 1373 2501 miserae
1423 2445 1605 2499 carnis
1654 2459 1822 2507 mors,
1876 2451 2098 2512 totaque
2156 2442 2302 2497 clare

723 2543 915 2596 aeterni
973 2541 1125 2610 regni
1178 2539 1355 2609 imago
1409 2538 1637 2601 eniteat,
1688 2551 1905 2590 omnem
1947 2535 2299 2605 exemplaris,

726 2631 976 2687 imitandi
1011 2631 1140 2691 ritu,
1183 2629 1413 2683 fortnam
1460 2643 1773 2697 expressam
1828 2628 2075 2680 lia-Dens:
2138 2641 2300 2695 quam

724 2729 921 2778 nactus
946 2718 1396 2787 contemplationi
1432 2718 1661 2773 studens
1686 2718 1926 2779 animus,
1968 2717 2103 2771 iram
2128 2727 2185 2770 et
2208 2732 2304 2771 cu-

724 2809 1011 2880 piditatem
1038 2808 1291 2861 libertate
1333 2806 1539 2861 donat:
1570 2806 1711 2860 hanc
1744 2804 1999 2874 quidem,
2038 2805 2093 2859 in
2130 2804 2302 2861 divini

725 2900 931 2956 amoris
965 2900 1343 2953 intemeratam
1366 2900 1699 2966 voluptatem
1732 2911 1796 2951 ac
1823 2897 2163 2966 impollutam
2188 2897 2304 2951 ille-

726 2990 945 3044 cebram
970 2997 1331 3051 convertens;
1364 2987 1510 3040 illam
1541 3002 1693 3050 vero,
1726 2987 1781 3040 in
1815 2987 2087 3040 fervorem
2138 2987 2303 3056 spiri—

729 3081 891 3135 talem
913 3093 1309 3147 accensamque
1336 3079 1480 3147 jugis
1511 3086 1693 3131 motus
1714 3077 2065 3147 agitationem
2104 3092 2168 3132 ac
2215 3092 2303 3132 so-

727 3171 909 3225 brium
944 3169 1189 3224 furorem
1215 3168 1528 3221 traducens.

798 3350 884 3404 55.
910 3347 1124 3403 Eterni
1156 3346 1310 3415 regni
1341 3346 1518 3415 imago
1548 3358 1611 3397 ac
1645 3344 1996 3398 simulacrum
2016 3382 2029 3407 ,
2059 3353 2146 3397 est
2183 3343 2301 3397 ani-

725 3454 850 3496 mus
881 3437 1257 3509 cognoscenda
1294 3430 1524 3489 veritate
1559 3434 1917 3488 immutabilis
1938 3474 1952 3497 ,
1996 3448 2299 3502 sensusque

725 3531 934 3585 virtute
968 3527 1201 3583 colenda
1228 3528 1614 3595 incorruptus;
1650 3525 1833 3579 animo
1860 3539 2059 3594 nempe
2089 3539 2155 3578 ac
2178 3540 2302 3578 cor-

726 3636 884 3693 pore,
915 3622 1033 3677 sola
1062 3620 1248 3675 divina
1279 3618 1506 3688 spiritus
1534 3618 1651 3687 lege
1691 3618 1833 3671 inter
1883 3632 1941 3670 se
1998 3616 2296 3679 devinctis,

726 3730 791 3770 ea
817 3714 1049 3777 ratione,
1085 3728 1192 3781 qua
1233 3726 1431 3766 sensus
1477 3710 1533 3763 in
1572 3709 1731 3778 572
1777 3717 2016 3762 mentem
2072 3707 2303 3778 spiritus

729 3805 1108 3861 immutatione
1140 3803 1367 3867 transit;
1402 3817 1509 3871 qua
1546 3800 1811 3854 nimirum
1832 3839 1846 3863 ,
1873 3799 1990 3869 jugi
2022 3799 2302 3854 incitatam

728 3907 881 3952 motu
932 3896 1236 3965 miramque
1290 3909 1357 3948 ac
1407 3900 1654 3962 vegetam
1688 3890 1873 3945 omnia
1911 3891 2300 3959 pervadentem

728 3986 960 4041 rationis
990 3984 1366 4054 operationem
1394 3982 1638 4046 habent;
1670 3980 1725 4033 in
1745 3996 1855 4050 qua
1886 3980 2037 4033 nulla
2076 3993 2304 4049 prorsus

728 4094 760 4133 a
794 4078 907 4133 Deo
927 4076 1319 4131 dissimilitudo
1343 4074 1605 4127 occurrit.

800 4170 887 4225 56.
914 4166 1284 4237 Cupiditatcm
1316 4181 1437 4235 qua:
1474 4174 1599 4219 actu
1623 4163 1929 4233 expleatur,
1964 4160 2299 4231 voluptatem

728 4274 851 4315 esse
879 4259 1090 4322 dicunt,
1123 4272 1248 4312 cum
1288 4257 1493 4311 bonum
1535 4268 1780 4325 praesens
1822 4253 1891 4307 ad
1933 4254 2053 4323 ejus
2092 4261 2305 4322 spectet

730 4352 1137 4417 definitionem;
1170 4351 1507 4419 voluptatem
1548 4355 1736 4401 autem
1761 4361 1884 4415 qua:
1912 4359 2023 4399 non
2056 4354 2181 4398 actu
2210 4361 2305 4399 ex-

730 4443 968 4513 pleatur,
999 4440 1378 4511 cupiditatem,
1416 4447 1478 4491 ut
1501 4436 1569 4490 ad
1590 4436 1750 4505 cujus
1780 4432 2155 4488 definitionem
2181 4448 2305 4502 spe-

2397 641 2502 693 θῶν
2524 641 2623 703 τὰς
2657 643 2887 705 εἰκόνας.

2464 729 2564 798 νγ⁹.
2604 733 2773 784 Παντὶ
2821 731 3140 803 πρακτικῷ,
3185 734 3370 798 παιδὸς
3416 737 3512 789 καὶ
3557 740 3853 812 παιδίσκης
3893 743 3972 796 δί-

2396 842 2499 894 κην
2531 825 2622 893 (ε),
2658 826 2686 877 ὁ
2723 825 2879 894 λόγος
2908 827 3001 877 καὶ
3046 827 3079 894 ἠ
3133 826 3341 881 διάνοια
3377 828 3657 898 μοχθοῦσι,
3688 835 3820 895 τοὺς
3850 835 3970 887 κατ’

2397 914 2597 984 ἀρετὴν
2625 916 2722 986 τῆς
2751 916 3003 987 πράξεως
3033 916 3272 986 τρόπους
3304 918 3643 985 ὲπινοοῦντές
3670 940 3731 974 τε
3762 925 3858 977 καὶ
3882 925 3973 994 δη-

2401 1006 2810 1076 μιουργοῦντες,
2839 1009 2933 1061 καὶ
2965 1001 3076 1061 οἷον
3102 1011 3281 1063 πᾶσαν
3324 997 3532 1064 ἑαυτῶν
3557 1014 3699 1066 κατὰ
3738 1016 3846 1066 τῶν
3878 1017 3973 1067 ἁν-

2397 1098 2721 1166 τικειμένων
2748 1101 2816 1170 τῇ
2866 1103 3144 1171 πρακτικῇ
3182 1101 3508 1171 πνευμάτων
3550 1103 3652 1172 τῆς
3702 1110 3973 1177 πονηρίας

2398 1188 2495 1257 τὴν
2521 1188 2751 1258 δύναμιν
2801 1190 3016 1261 ἔχοντες
3060 1193 3545 1264 ἀντιτετι·ι.γμένην⁶
3578 1196 3973 1265 πληρώσαντες

2398 1278 2453 1330 δὲ
2484 1279 2580 1350 τὴν
2606 1283 2915 1352 πρακτικὴν
2945 1282 3280 1351 φιλοσοφίαν,
3313 1286 3380 1354 ἣν
3400 1288 3429 1338 ὁ
3458 1285 3617 1348 ἕκτος
3645 1288 3756 1339 τῶν
3793 1289 3977 1341 ἐνιαυ-

2399 1370 2505 1422 τῶν
2540 1370 2923 1440 παρεδήλωσεν
2954 1373 3216 1443 ἀριθμός·
3280 1375 3496 1446 εἴρηται
3543 1377 3653 1445 γὰρ
3696 1379 3780 1430 ὅτι
3834 1381 3863 1431 ὁ
3916 1379 3976 1443 ἒξ

2399 1460 2649 1530 ἀριθμὸς,
2680 1462 2776 1530 τὴν
2807 1464 3117 1533 πρακτικὴν
3153 1465 3409 1534 σημαίνει
3443 1466 3794 1535 φιλοσοφίαν·
3830 1468 3979 1520 ila-3-

2400 1550 2546 1621 θεροι
2580 1552 2715 1622 πρὸς
2762 1553 2861 1623 τὴν
2917 1556 3296 1625 πνευματικὴν
3343 1555 3693 1621 ἀπολύονται,
3729 1558 3980 1627 δηλονότι

2398 1640 2505 1693 τῶν
2535 1642 2594 1693 ἐν
2620 1644 2730 1705 τοῖς
2757 1639 2876 1696 οὖσι
2914 1646 3189 1712 συγγενῶν
3206 1646 3380 1714 λόγων
3409 1646 3644 1717 θεωρίαν
3676 1649 3980 1720 ἐπανερχό-

2404 1747 2573 1799 μενοι,
2606 1732 2634 1784 ὃ
2667 1749 2725 1784 τε
2753 1732 2909 1801 λόγος
2940 1733 3035 1787 καὶ
3056 1736 3090 1803 ἡ
3125 1734 3351 1789 διάνοια.

2332 1875 2376 1930 Β
2469 1886 2562 1938 νδ¹.
2605 1886 2932 1957 Ἀλλόφυλος
2964 1891 3094 1953 παῖς
3137 1890 3254 1944 ἐστι
3294 1892 3391 1944 καὶ⁵
3421 1892 3708 1965 παιδίσκη,
3744 1896 3776 1947 ὁ
3802 1893 3981 1963 θυμὸς

2402 1978 2549 2046 καὶὴ
2582 1976 2880 2047 ἐπιθυμία·
2911 1978 3006 2043 οὒς
3037 1978 3403 2048 ὑποζεύγνυσι
3428 1983 3516 2036 διὰ
3546 1986 3750 2047 παντὸς
3778 1989 3848 2055 τῇ
3887 1986 3981 2037 δε-

2402 2067 2630 2137 σποτεία
2656 2068 2752 2121 τοῦ
2776 2069 2956 2138 λόγου,
2990 2071 3125 2141 πρὸς
3152 2071 3458 2142 ὑπηρεσίαν
3483 2077 3589 2127 τῶν
3635 2076 3875 2145 ἀρετῶν,
3910 2077 3981 2129 δι’

2400 2158 2621 2229 ἀνδρίας
2650 2159 2743 2212 καὶ
2774 2161 3128 2231 σωφροσύνης
3163 2164 3192 2214 ὁ
3222 2162 3575 2235 θεωρητηκὶις
3601 2165 3747 2228 νοῦς,
3783 2167 3861 2234 μὴ
3902 2166 3986 2219 δι-

2398 2250 2523 2313 δοὺς
2554 2252 2738 2313 αὐτοῖς
2783 2251 3062 2314 παντελῶς
3091 2253 3189 2323 τὴν
3219 2254 3358 2322 πρὸς
3412 2254 3727 2324 ἐλευθερίαν
3754 2258 3983 2323 ἄφεσιν,

2399 2343 2504 2405 ἕως
2531 2342 2598 2396 ἂν
2623 2343 2905 2414 καταποθῇ
2934 2342 3013 2415 τῷ
3043 2345 3192 2415 νόμῳ
3228 2344 3323 2398 τοῦ
3354 2346 3665 2416 πνεύματος
3696 2348 3927 2411 τελείως
3958 2350 3988 2401 6

2400 2438 2496 2507 τῆς
2526 2437 2740 2505 φύσεως
2762 2437 2944 2505 νόμος,
2977 2437 3228 2510 καθάπερ
3261 2439 3365 2492 ὑπὸ
3389 2440 3536 2509 ζωῆς
3559 2442 3810 2510 ἀπείρου,
3842 2458 3988 2508 capo

2402 2529 2497 2591 κὸς
2520 2528 2784 2599 δυστήνου
2810 2527 3062 2594 Θάνατος,
3094 2530 3190 2583 καὶ
3239 2533 3390 2584 πᾶσα
3421 2531 3606 2601 δειχθῇ
3636 2533 3902 2601 καθαρῶς
3951 2536 3985 2603 ἡ

2402 2617 2502 2685 τῆς
2529 2618 2767 2687 ἁνάρχου
2797 2616 3075 2687 βασιλείας
3103 2618 3287 2685 εἰκῶν,
3321 2624 3500 2675 πᾶσαν
3529 2624 3725 2692 ἔχουσα
3758 2623 3856 2676 τοῦ
3884 2626 3989 2693 ἀρ·

2400 2706 2635 2777 χετύπου
2663 2708 2751 2760 διὰ
2780 2709 3064 2778 μιμήσεως
3092 2709 3191 2779 τὴν
3227 2713 3462 2782 μορφήν·
3505 2712 3625 2764 καθ’
3654 2715 3722 2783 ἣν
3747 2715 3988 2782 γινόμε-

2402 2816 2491 2861 νος
2522 2799 2550 2850 ὁ
2574 2797 2905 2869 θεωρητικὸς
2936 2798 3084 2865 νοῦς,
3139 2802 3459 2872 ἐλευθέρους
3492 2807 3727 2857 ποιεῖται
3776 2805 3873 2858 τόν
3925 2822 3989 2859 τι

2404 2888 2573 2958 θυμὸν
2601 2889 2695 2940 καὶ
2723 2888 2823 2956 τὴν
2853 2888 3170 2957 ἐπιθυμίανο
3197 2891 3296 2959 τὴν
3325 2891 3445 2959 μὲν,
3472 2892 3607 2961 πρὸς
3640 2892 3740 2961 τὴν
3765 2895 3987 2964 ἀκήρα-

2402 2995 2493 3031 τον
2517 2976 2611 3031 τοῦ
2641 2976 2786 3030 θείου
2822 2977 3023 3047 ἔρωτος
3070 2979 3262 3051 ἡδονὴν
3295 2982 3389 3033 καὶ
3418 2981 3518 3050 τὴν
3547 2982 3815 3051 ἄχραντον
3848 2983 3979 3036 θέλ-

2406 3068 2487 3133 ξιν
2516 3066 2940 3138 μετασκευάζων
2965 3084 2979 3098 ο
3010 3068 3112 3138 τὴν
3136 3068 3215 3132 δὲ,
3248 3070 3385 3139 πρὸς
3420 3072 3569 3134 ζέσιν
3596 3072 3986 3144 πνευματικὴν

2404 3160 2499 3212 καὶ⁸
2527 3160 2789 3229 διάπυρον
2816 3160 3158 3230 ἀεικινησίαν
3205 3160 3269 3231 (f)
3323 3163 3417 3214 καὶ
3469 3162 3721 3232 σώφρονα
3773 3164 3987 3233 μανίαν

2405 3250 2802 3322 μεταϐιϐάζων.

2468 3348 2561 3393 νε¹.
2603 3341 2865 3412 ’Λνάρχου
2898 3340 3175 3411 βασιλείας
3212 3342 3361 3394 ἐστὶν
3413 3342 3596 3407 εἰκὼν,
3640 3346 3673 3413 ἡ
3727 3344 3827 3397 τοῦ
3884 3345 3983 3397 νοῦ

2400 3434 2530 3504 περὶ
2558 3432 2658 3503 τὴν
2709 3432 2885 3503 ἀληθῆ
2941 3434 3142 3501 γνῶσιν
3173 3434 3429 3503 ἁτρεψία,
3460 3435 3549 3487 καὶ
3587 3436 3620 3505 ἡ
3648 3435 3749 3505 τῆς
3778 3438 3990 3507 αἰσθὴο

2401 3541 2539 3589 σεως
2574 3526 2703 3597 περὶ
2725 3526 2823 3595 τὴν
2843 3525 3043 3595 ἀρετὴν
3069 3526 3351 3595 ἀφθαρσία
3377 3542 3391 3557 ’
3422 3529 3524 3596 τῆς
3549 3527 3728 3596 ψυχῆς
3757 3530 3862 3581 καὶ
3888 3529 3991 3581 τοῦ

2402 3615 2675 3685 σώματος,
2706 3615 2848 3670 κατὰ
2873 3616 2974 3684 τὴν
3006 3617 3065 3668 ἐν
3106 3615 3382 3685 πνεύματι
3408 3616 3546 3685 πρὸς
3591 3616 3682 3669 τὸν
3718 3616 3852 3669 νοῦν
3883 3617 3993 3686 τῆς

2401 3705 2703 3777 αἰσθήσεως
2760 3707 3138 3777 μεταποίησιν,
3173 3707 3318 3775 μόνῳ
3374 3706 3454 3776 τῷ
3499 3706 3628 3776 θείῳ
3675 3708 3832 3776 νόμῳ
3888 3709 3990 3761 τοῦ

2401 3796 2710 3867 πνεύματος
2739 3797 2988 3868 ἀλλήλοις
3016 3798 3437 3867 συνδεδεμένων,
3469 3797 3592 3852 καθ’
3632 3800 3699 3869 ἢν
3728 3799 3834 3868 τὴν
3867 3800 3993 3852 ἀειο

2402 3888 2620 3958 κίνητον
2650 3887 2746 3940 τοῦ
2776 3887 2937 3956 λόγου
2975 3889 3072 3941 καὶ
3102 3890 3286 3953 ζῶσαν
3333 3886 3626 3952 διαπαντὸς
3656 3890 3782 3958 ἔχου
3794 3906 3852 3942 σι
3906 3892 3991 3943 δι-

2405 3979 2731 4048 ικνουμένην
2762 3978 3045 4049 ἐνέργειαν
3072 3996 3085 4010 ·
3127 3982 3184 4033 ὲν
3284 3982 3433 4034 πᾶσα
3459 3980 3740 4042 παντελῶς
3774 3981 3992 4034 ἄπεστι

2402 4068 2540 4137 πρὸς
2566 4066 2626 4120 τὸ
2649 4067 2801 4120 Θεῖον
2825 4068 3164 4138 ἀπέμφασις.

2472 4156 2586 4222 νς]
2625 4158 3058 4229 Ἐνεργουμένην
3115 4160 3413 4228 ἐπιθυμίαν
3469 4159 3633 4229 φασὶν
3681 4155 3832 4212 εἶναι
3889 4160 3994 4230 τὴν

2403 4250 2617 4320 ἡδονὴν,
2652 4250 2813 4320 εἰπερ
2849 4250 3026 4320 παρὸν
3075 4252 3302 4318 ἀγαθὸν,
3331 4250 3473 4304 κατά
3500 4251 3591 4303 τὸν
3618 4250 3796 4317 αὐτῆς
3834 4252 3991 4303 ἐστιν

2401 4340 2665 4411 ὁρισμόνο
2718 4339 3077 4410 ἀνενέργητον
3123 4340 3180 4392 δὲ
3228 4340 3441 4410 ἡδονὴν,
3501 4342 3598 4409 τὴν
3652 4340 3990 4410 ἐπιθυμίαν,

2403 4430 2560 4501 εἴπερ
2591 4429 2782 4499 μέλλον
2812 4430 3035 4500 ἀγαθὸν,
3067 4432 3208 4484 κατὰ
3240 4433 3332 4485 τὸν
3355 4432 3522 4501 αὐτῆς
3547 4435 3695 4483 ἐστιν
3727 4433 3990 4502 ὁρισμίον·

731 4542 844 4589 ctet
883 4533 1089 4588 bonum
1141 4532 1360 4585 absens.
1406 4528 1569 4591 Iram,
1615 4541 1775 4596 quam
1825 4526 2007 4579 animo
2041 4525 2300 4578 molimur

2401 4521 2493 4573 τὸν
2525 4521 2580 4573 δὲ
2609 4520 2800 4589 θυμὸν,
2833 4521 3027 4590 μανίας
3071 4523 3452 4591 μελετωμένην
3482 4524 3719 4590 κίνησιν,
3751 4523 3862 4574 καὶ
3896 4523 3992 4592 τὴν

730 4622 937 4677 furoris
965 4619 1368 4681 incitationem;
1421 4618 1684 4678 furorem,
1730 4628 1893 4683 quam
1941 4613 2061 4682 ipso
2109 4627 2295 4682 opere.

730 4711 837 4778 Qui
863 4725 995 4781 ergo
1026 4709 1127 4763 bas
1174 4706 1464 4761 facultates
1498 4702 1696 4756 rationi
1726 4700 2042 4771 subjecerit,
2080 4700 2298 4760 cupidi-

801 4846 852 4879 ”
883 4845 1054 4901 Exod.
1087 4861 1197 4911 nl,
1227 4845 1262 4899 2
1291 4860 1447 4913 seqq.

804 4975 1134 5052 (e)_ﬂat66_c
1163 4974 1614 5052 και-παιδίσκης
1637 4972 1831 5052 δίκην,
1853 4971 2014 5052 Clara
2048 4972 2292 5052 depol?—

768 5042 942 5112 ia‘,'de
965 5047 1143 5102 servis
1185 5045 1447 5108 Hebraeis,
1472 5045 1565 5113 qui
1614 5053 1742 5097 sunt
1780 5044 1840 5095 τὸ
1882 5042 2171 5112 ὁμόφυλον,
2213 5042 2294 5113 sic

768 5068 838 5112 la,
873 5068 942 5104 ue
965 5068 1143 5102 serus
1185 5068 1447 5108 "curans,
1472 5068 1565 5113 ιιιιι
1614 5068 1742 5097 sum.
1780 5068 1840 5095 τυ
1882 5068 2171 5112 υμοιρυλυν,
2213 5068 2292 5097 an;

730 5068 874 5175 ﬁelle
912 5117 1039 5173 Pico
1073 5131 1241 5185 supra
1294 5114 1635 5185 expositum;
1672 5113 2182 5185 quorum_servitus
2222 5111 2292 5185 ad

732 5199 949 5257 tempus
980 5182 1230 5257 esset,'4id_
1251 5182 1375 5248 est,’
1395 5183 1449 5236 in
1479 5198 1651 5237 annos
1680 5197 1866 5247 senos;
1898 5182 2075 5257 deque
2116 5182 2293 5257 servis

731 5251 1057 5326 alienigenis
1080 5254 1283 5326 quiin
1315 5262 1639 5326 perpetuum
1673 5264 1861 5306 essent
1902 5251 2189 5326 servituri;
2223 5251 2292 5305 de

730 5320 1480 5383 facultatibus—animi—ctun
1529 5324 1738 5376 ratione
1783 5330 1838 5375 et
1882 5321 1999 5375 sine
2055 5320 2289 5374 ratione.

727 5396 880 5453 Nihil
904 5396 1043 5449 bene
1065 5394 1245 5455 Picus.
1276 5394 1415 5447 Puer
1440 5400 1489 5446 et
1518 5392 1695 5462 puella
1724 5393 2010 5462 negotium_
2029 5391 2293 5462 facessunt

735 5470 844 5524 imo
872 5474 1043 5525 certe,
1066 5463 1372 5532 suscipiunt
1404 5478 1499 5516 seu
1518 5458 1758 5525 habent;
1786 5458 1848 5514 ac
1869 5459 2014 5529 quod
2032 5458 2287 5532 reddidi,

739 5536 999 5591 laborant.
1018 5534 1076 5585 '0
1103 5530 1260 5595 ἐκτός
1288 5531 1395 5584 τῶν
1426 5532 1585 5583 ἑτῶν·
1625 5546 1884 5584 annorum
1905 5530 2165 5591 senarius,
2194 5545 2297 5581 nu-

730 5621 908 5660 merus
939 5620 959 5659 :
990 5604 1129 5658 male
1164 5617 1389 5671 prorsus
1419 5600 1583 5655 editis
1605 5609 1745 5663 erat,
1770 5600 1994 5671 ἀρετῶν,
2018 5600 2292 5671 virtutum,

732 5675 837 5729 etsi
865 5674 1121 5743 excoquit
1144 5669 1325 5743 Picus.
1352 5671 1482 5743 Quae
1501 5671 1658 5743 enim
1699 5684 1843 5743 sena;
1864 5669 2133 5743 virtutes?
2160 5681 2295 5743 qua:

735 5752 921 5798 ternas
944 5735 1151 5797 norunt
1202 5735 1537 5812 philosophi,
1572 5750 1756 5793 ternas
1802 5737 2069 5812 theologi;
2106 5735 2288 5789 neutri

735 5827 935 5869 senas:
971 5827 1071 5869 nec
1094 5813 1149 5864 in
1177 5808 1475 5866 virtutibus
1504 5819 1855 5863 consecratus
1891 5808 1980 5862 hic
2028 5820 2291 5860 numerus

2409 4612 2623 4681 μανίαν,
2648 4611 2818 4681 θυμὸν
2853 4614 3265 4682 ὲνεργούμενον.
3299 4614 3358 4666 '0
3385 4612 3514 4680 γοῦν
3545 4613 3752 4675 ταύτας
3782 4613 3995 4666 ὑποτα-

2406 4702 2501 4769 ξας
2528 4702 2605 4772 τῷ
2637 4702 2782 4773 λόγῳ
2812 4704 2910 4767 τὰς
2938 4704 3220 4773 δυνάμεις,
3252 4705 3494 4774 εὑρήσει,
3524 4704 3624 4774 τὴν
3657 4705 3761 4774 μὲν
3791 4705 3993 4756 ἐπιθυ-

2397 4984 2502 5049 est,
2530 4976 2647 5049 ipse
2669 4975 2872 5046 alioqui
2900 4976 2957 5049 i_n
2986 4992 3046 5032 se
3068 4977 3368 5049 perfectus,
3394 4985 3451 5031 et
3478 4977 3723 5049 actionis
3762 4981 3993 5049 symbo-

2398 5046 2512 5100 lum
2544 5047 2751 5101 idcirco
2780 5046 2928 5115 quod
2967 5046 3285 5101 sex’dienus
3325 5046 3564 5101 mundus
3582 5046 3859 5103 conditus
3884 5063 3988 5109 est,

2400 5116 2632 5184 septimo
2658 5116 2830 5184 quieti
2866 5115 3106 5179 addicto,
3132 5118 3223 5184 qui
3269 5125 3354 5170 est
3377 5118 3495 5171 dies
3542 5117 3815 5175 Sabbati:
3851 5136 3989 5173 nma

2399 5186 2561 5239 nobis
2588 5185 2866 5257 creatione
2890 5186 2945 5240 in
2976 5186 3121 5240 diem
3158 5187 3503 5257 Dominicum
3529 5188 3832 5255 auspicata
3870 5191 3988 5257 (‘jUs‘

2399 5256 2809 5326 resurrectione
2847 5267 3141 5326 nostraque
3171 5256 3228 5326 in
3254 5256 3367 5319 illo,
3402 5271 3595 5309 versus
3624 5271 3639 5305 :
3692 5273 3801 5326 per
3831 5256 3991 5325 cujus

2397 5325 2717 5396 προεόρτιον
2746 5324 2838 5380 die
2873 5341 3070 5396 magno
3095 5324 3343 5396 sabbati,
3389 5339 3509 5380 mea
3554 5324 3824 5396 relegens
3880 5324 3989 5383 ιέπ

2394 5394 2759 5449 subnotabam
2780 5396 2902 5450 Kal.
2933 5394 3111 5463 April.
3151 5394 3264 5449 ind.
3293 5412 3403 5449 xvi.

2472 5464 2536 5533 (Ῑ)
2571 5464 2870 5532 Διάπυρον
2903 5466 3302 5529 ἁεικινησίαν.
3355 5465 3453 5519 Hic
3520 5479 3728 5533 nempe
3794 5467 3984 5529 ardor,

2403 5532 2631 5603 bamque
2651 5534 2959 5603 pr0prietas
2992 5534 3406 5602 perfectissima:
3429 5534 3635 5589 divinw
3664 5532 3985 5591 charitatis:

2404 5603 2494 5661 Τὸ.
2526 5602 2828 5674 διαπειρον,
2856 5604 3004 5671 quod
3043 5613 3183 5674 erat,
3242 5620 3344 5674 nec
3401 5604 3576 5674 probe
3618 5604 3826 5660 Graeca
3863 5622 3983 5667 vox,

2400 5687 2504 5753 nec
2524 5671 2822 5753 quidquam
2872 5682 3017 5742 apta.
3054 5673 3202 5728 Pico.
3238 5671 3485 5745 Ignotum
3513 5685 3849 5745 perpetuum
3876 5690 3986 5730 πιο-

2400 5750 2511 5794 tum
2538 5758 2551 5795 :
2582 5750 2714 5809 imo,
2749 5758 3051 5799 accensum.

4094 5552 4099 5728 Ι
