4192 6436
173 429 316 494 1285
349 514 355 520 ,

837 426 1170 489 CAPITUM
1203 424 1621 497 QUINQUIES
1658 421 2172 485 CENTENORUM
2213 427 2603 488 CENTURIA
2653 427 2770 489 III.

3280 430 3416 496 1286

169 540 325 606 μίαν,
357 533 506 605 αὐτῷ
535 534 827 604 γινομένην
861 533 1074 603 ἡδονὴν,
1131 531 1272 585 κατὰ
1319 532 1418 600 τὴν
1463 532 1520 581 έν
1555 529 1736 598 χάριτι

1843 537 2006 583 tatem
2044 533 2097 584 in
2133 533 2476 601 voluptatem
2506 535 2790 600 transisse,
2830 550 2928 605 per
2961 537 3130 591 animi
3157 554 3280 595 cum
3305 542 3416 596 Deo

164 630 307 699 πρὸς
336 629 394 682 τὸ
421 629 573 681 Θεῖον
617 627 716 696 τῆς
757 626 935 695 ψυχῆς
963 627 1230 694 ἄχραντον
1260 622 1610 691 συμπλοκήν·
1650 620 1741 672 τὸν

163 723 222 774 δὲ
255 721 444 790 θυμὸν,
479 718 628 782 ζέσιν
657 718 950 785 ἀκήρατον,
982 715 1081 783 τῆς
1112 713 1239 784 περὶ
1265 713 1324 764 τὸ
1353 711 1503 762 Θεῐον
1548 709 1741 777 ἡδονῆς

164 811 566 883 φρουρητικὴν,
618 808 712 861 καὶ
766 807 1020 878 σώφρονα
1063 804 1280 874 μανίαν,
1316 803 1412 871 τῆς
1459 801 1600 852 κατὰ
1643 797 1740 868 τὴν

162 905 360 971 ἔφεσιν
391 903 492 970 τῆς
515 901 693 970 ψυχῆς
729 898 1017 966 θελκτικῆς
1062 896 1344 964 δυνάμεως
1371 891 1480 946 ἀπὺ
1517 891 1624 943 τῶν
1653 889 1732 941 θνα

160 1013 278 1046 των
308 993 529 1055 τελείως
568 990 920 1058 ὲκστατικήν.
959 987 1169 1041 Οὐκοῦν
1203 987 1307 1048 ἕως
1339 987 1397 1037 ἐν
1435 985 1568 1054 ἡμῖν
1593 984 1622 1034 ὁ
1652 981 1740 1033 κό-

164 1100 310 1153 σμος
344 1083 431 1153 ζῇ,
467 1081 564 1134 καὶ
595 1083 626 1151 ὴ
656 1079 791 1150 πρὸς
818 1079 887 1132 τὰ
933 1077 1094 1130 ὑλικᾶ
1136 1075 1233 1144 τῆς
1287 1073 1463 1141 ψυχῆς
1494 1069 1738 1130 ἑκούσιος

162 1177 376 1244 σχέσις,
407 1173 466 1226 ού
507 1172 589 1224 δεῖ
624 1171 849 1232 ταύταις
879 1167 1137 1238 παρέχειν
1167 1163 1475 1233 ἐλευθερίαν
1505 1164 1622 1223 ταῖς
1652 1159 1738 1211 δυ-

161 1265 393 1333 νάμεσι,
449 1263 645 1332 μήπως
703 1261 946 1331 μιγεῖσαι
984 1260 1096 1321 τοῖς
1125 1255 1399 1325 αἰσθητοῖς
1428 1253 1502 1314 ὠς
1535 1253 1738 1321 ὁμοφύο

162 1354 304 1417 λοις,
358 1353 714 1422 πολεμήσωσι
756 1353 854 1418 τὴν
896 1351 1099 1419 ψυχὴν,
1147 1349 1242 1400 καὶ
1283 1347 1521 1400 λάϐωσιν
1569 1341 1736 1412 αὐτὴν

162 1440 505 1513 δορυάλωτον
555 1440 930 1512 γεγενημένην
987 1441 1102 1501 τοῖς
1155 1437 1405 1501 πάθεσιν,
1455 1435 1528 1497 ὡς
1571 1435 1734 1487 πάλαι

162 1537 270 1604 τὴν
300 1531 676 1603 Ἰερουσαλὴμ,
711 1533 760 1585 οἰ
819 1530 1174 1586 Βαϐυλώνιοι.
1236 1531 1340 1582 Τὸν
1397 1527 1507 1598 γὰρ
1565 1527 1734 1590 αἰῶνα

163 1626 296 1679 καθ’
323 1626 382 1678 δν
413 1625 539 1688 τοὺς
585 1624 915 1692 ἀλλοφύλους
966 1623 1162 1684 παῖδας
1190 1617 1466 1674 δουλεύειν
1498 1619 1526 1670 ὁ
1573 1616 1735 1686 νόμος

165 1717 450 1782 ἐκέλευσε,
485 1718 584 1787 τὴν
639 1717 774 1788 πρὸς
820 1715 914 1769 τὸν
946 1717 1150 1786 κόσμον
1181 1714 1388 1777 τοῦτον,
1425 1714 1589 1782 ⁴ἤγουν
1635 1711 1734 1778 τὴν

165 1807 454 1876 παροῦσαν
478 1807 643 1877 ζωὴν,
672 1805 962 1877 γνωμικὴν
995 1806 1094 1876 τῆς
1127 1806 1307 1875 ψυχῆς
1341 1805 1580 1872 ὲσήμανε
1613 1800 1731 1868 σχέ-

1849 622 2192 690 impollutam
2221 622 2275 675 in
2300 623 2475 691 gratia
2497 624 2857 678 cobmsionem
2881 625 3150 692 inveniet;
3169 627 3417 698 iramque

1847 713 1904 766 in
1939 714 2327 768 intemeratum
2385 714 2658 770 fervorem
2685 756 2698 778 ,
2728 718 3024 786 voluptatis
3061 719 3207 774 circa
3242 720 3415 778 Deum

1845 807 2139 871 vindicem,
2179 809 2538 879 sobriumque
2589 811 2886 873 fervorem,
2950 827 3082 880 quo,
3137 809 3416 868 desiderio

1846 902 2096 954 mulcens
2133 910 2190 954 ct
2219 901 2538 956 illecebrosa
2583 902 2750 956 animi
2802 902 3068 964 facultas.
3117 906 3358 974 perfecte
3384 923 3413 960 a

1846 992 2014 1046 rebus
2046 992 2284 1046 excedit.
2321 993 2572 1058 Quandiu
2602 996 2770 1064 igitur
2794 996 3035 1050 mundus
3063 997 3118 1050 in
3144 999 3303 1054 nobis
3328 1001 3403 1054 vi-

1843 1085 1941 1148 vit,
1975 1083 2394 1152 voluntariaque
2439 1085 2610 1138 animi
2655 1085 2721 1140 ad
2764 1102 2852 1140 res
2883 1096 3131 1142 terrenas
3170 1090 3409 1154 affectio,

1843 1173 2150 1228 cavendum
2172 1173 2332 1226 nobis
2362 1190 2429 1227 ne
2453 1174 2551 1227 has
2573 1174 2722 1228 vires
2748 1175 3002 1231 libertate
3029 1177 3319 1245 donemus,
3346 1197 3414 1236 ne

1844 1266 1985 1320 forte
2015 1280 2141 1319 eum
2175 1264 2342 1319 rebus
2376 1266 2433 1319 in
2469 1281 2693 1320 sensum
2730 1267 3054 1322 cadentibus
3096 1271 3251 1325 Velut
3287 1289 3412 1328 cum

1844 1355 2139 1410 tribulibus
2165 1357 2486 1419 commistaa,
2519 1354 2760 1410 animum
2790 1359 2937 1412 bello
2975 1370 3206 1427 tentent,
3231 1363 3410 1418 vitiis—

1840 1462 1947 1516 que
1993 1461 2055 1501 ac
2097 1446 2386 1502 affectibus
2436 1448 2752 1502 dedititium
2807 1452 3192 1523 captivumque
3242 1455 3409 1526 (haud

1839 1554 1998 1592 secus
2042 1555 2105 1592 ac
2143 1541 2270 1594 olim
2317 1541 2599 1611 Babylonii
2628 1541 3254 1615 Jerosolyma)capiant.
3298 1547 3411 1600 Sar-

1839 1626 2024 1678 culum
2067 1627 2212 1680 enim
2242 1667 2256 1688 ,
2293 1644 2402 1696 quo
2435 1638 2549 1682 toto
2579 1630 2664 1684 lex
2706 1647 2893 1686 servos
2926 1633 3263 1704 alienigenas
3291 1651 3410 1689 ser—

1840 1717 1956 1772 vire
2001 1728 2356 1788 prmceperat,
2387 1735 2505 1774 eam
2527 1737 2650 1790 quae
2691 1725 2895 1778 mentis
2922 1727 3199 1780 sententia
3222 1742 3286 1781 ac
3315 1743 3410 1781 vo-

1841 1807 2070 1868 luntate,
2101 1807 2166 1861 ad
2204 1808 2468 1862 nmndum
2501 1811 2662 1864 istum
2711 1813 2798 1882 (ad
2834 1829 2953 1866 eam
2994 1815 3205 1869 scilicet
3243 1833 3406 1886 quam

165 1914 257 1950 σιν
285 1901 314 1952 ὁ
345 1899 522 1966 λόγος,
572 1898 661 1952 διὰ
691 1898 797 1952 τῶν
844 1897 1239 1968 ἱστορουμένων
1274 1895 1632 1966 παραδεικνὺς
1667 1892 1733 1944 τὰ

1842 1897 1896 1950 in
1919 1913 1985 1950 eo
2029 1898 2264 1951 vivimus
2299 1899 2501 1967 vitam)
2538 1880 2758 1954 affectio
2805 1917 2869 1956 ac
2896 1903 3068 1958 libido
3108 1915 3192 1960 est
3217 1946 3230 1968 ,
3263 1905 3411 1962 Scri-

163 1986 289 2036 νοού
298 2002 456 2055 μενα.

240 2239 339 2304 νζκ
381 2240 684 2310 Ἢργμένον
725 2240 892 2310 λέγει,
942 2243 1002 2295 τὸ
1043 2243 1244 2296 κακόν·
1279 2244 1454 2314 ἀρχὴν
1485 2242 1593 2314 γάρ
1623 2245 1734 2314 ἔχει

164 2331 266 2401 τὴν
292 2330 446 2400 ἡμῶν
477 2331 626 2402 παρὰ
668 2332 828 2400 φύσιν
861 2334 1074 2405 κίνησιν
1098 2353 1110 2364 ·
1143 2337 1242 2388 οὐκ
1265 2335 1537 2406 ἠργμένον
1569 2335 1644 2400 δὲ,
1675 2336 1736 2388 τὸ

164 2422 376 2490 ἀγαθόν
408 2424 506 2494 (9)·
539 2425 644 2495 πρὸ
674 2425 876 2489 παντὸς
914 2427 1022 2496 γὰρ
1045 2426 1241 2490 αἰῶνος
1264 2429 1355 2481 καὶ
1389 2430 1602 2498 χρόνου,
1632 2430 1733 2495 φύ-

165 2529 254 2566 σει
290 2514 351 2567 τὸ
380 2515 604 2582 ἀγαθόν.
641 2517 850 2582 Νοητὸν
879 2516 1026 2584 λέγει
1061 2519 1118 2571 τὸ
1147 2518 1370 2586 ἀγαθὸν,
1405 2519 1432 2570 ὂ
1463 2519 1543 2570 δεῖ
1576 2519 1732 2588 μόνον

164 2607 340 2658 νοεῖν·
380 2607 440 2658 οὐ
495 2606 683 2675 νοητὸν
720 2607 798 2671 δὲ,
833 2609 894 2660 τὸ
938 2608 1126 2672 κακὸν,
1163 2611 1298 2680 ὅπερ
1338 2611 1417 2663 δεῖ
1467 2611 1626 2678 μόνον
1660 2611 1732 2681 μὴ

165 2698 312 2748 νοεῖν
335 2710 351 2726 ⁸
389 2697 552 2767 ῥητὸν
577 2697 634 2750 δὲ
662 2697 810 2766 λέγει
843 2701 902 2752 τὸ
940 2699 1162 2768 ἀγαθὸν,
1200 2702 1333 2754 αὐτὸ
1355 2701 1462 2772 γὰρ
1502 2701 1582 2754 δεῖ
1636 2703 1732 2771 μὸ-

165 2803 258 2840 νον
290 2787 585 2842 λαλεῖσθαι.
621 2789 730 2841 Καὶ
768 2790 1051 2860 γινόμενον
1073 2791 1222 2858 λέγει
1257 2793 1316 2845 τὸ
1342 2792 1564 2859 ἀγαθόν’
1595 2791 1732 2844 κατᾶ

165 2877 332 2946 φύσιν
352 2877 461 2950 γάρ
495 2879 738 2950 ὑπάρχον
773 2881 1089 2953 ἀγέννητον,
1121 2881 1264 2936 κατὰ
1306 2885 1466 2953 χάριν
1491 2883 1576 2936 διὰ
1608 2884 1726 2952 φιλ·

168 2970 488 3040 ανθρωπίαν
514 2973 645 3041 παρ’
670 2971 830 3042 ἡμῶν
863 2974 1114 3043 ἀνέχεται
1141 2974 1413 3042 γίνεσθαι,
1454 2975 1589 3045 πρὸς
1633 2979 1732 3046 τὴν

164 3061 330 3130 ἡμῶν
353 3062 462 3115 τῶν
496 3065 792 3117 ποιούντων
827 3067 919 3118 καὶ
943 3065 1249 3118 λαλούντων
1277 3066 1560 3128 ἐκθέωσιν,
1594 3068 1732 3137 ὅπερ

164 3153 252 3204 δεῖ
282 3151 586 3219 μονώτατον
614 3153 886 3223 γίνεσθαι·
922 3155 982 3207 οὐ
1014 3153 1334 3225 ποιούμενον
1360 3155 1414 3206 δὲ
1453 3155 1513 3206 τὸ
1542 3155 1729 3215 κακὸν,

165 3244 307 3314 ὅπερ
331 3243 412 3296 δεῖ
441 3245 601 3314 μόνον
638 3246 712 3315 μὴ
746 3244 1016 3313 γίνεσθαι.
1054 3246 1296 3316 Φθαρτδν
1343 3246 1491 3314 λέγει
1520 3247 1581 3298 τὸ
1631 3264 1732 3300 και
1759 3229 1799 3285 C

167 3336 296 3389 κόν·
333 3337 506 3407 φθορὰ
540 3339 649 3408 γάρ
683 3341 832 3390 ἐστιν
862 3340 895 3408 ἡ
929 3338 1023 3392 τοῦ
1061 3338 1234 3392 κακοῦ
1271 3339 1454 3408 φύσις,
1485 3341 1734 3409 οὐδαμῶς

169 3425 294 3478 κατ’
319 3425 469 3480 οὐδὲν
497 3426 730 3497 ὓπαρξιν
756 3427 954 3497 ἔχουσα
975 3444 989 3458 ·
1030 3428 1306 3499 ἄφθαρτον
1335 3429 1391 3482 δὲ
1423 3430 1483 3482 τὸ
1506 3429 1730 3496 ἀγαθὸν,

165 3515 246 3577 ὡς
271 3517 358 3569 ἀεὶ
406 3516 485 3580 ὃν,
533 3518 629 3570 καὶ
661 3519 928 3588 μηδέποτε
971 3519 1065 3572 τοῦ
1101 3517 1241 3572 εἶναι
1273 3521 1600 3591 παυόμενον,
1637 3523 1732 3573 καὶ

166 3609 389 3664 πάντων
418 3605 498 3673 οἷς
527 3611 835 3682 ἐγγίνηται,
862 3612 1250 3682 φρουρητικόν.
1278 3611 1449 3666 Τοῦτο
1478 3613 1628 3681 γοῦν,
1653 3613 1732 3683 τῷ

169 3699 273 3770 μὲν
301 3699 614 3770 λογιστικῷ,
653 3701 921 3771 ζητοῦμεν
941 3719 953 3732 ·
1003 3703 1082 3773 τῷ
1109 3703 1165 3756 δὲ
1193 3702 1593 3774 ἐπιθυμητικῷ,
1633 3721 1730 3755 τεο-

167 3789 370 3861 οοῦμεν
393 3807 407 3821 ⁶
441 3791 519 3862 τῷ
550 3791 606 3844 δὲ
652 3792 889 3864 θυμικῷ,
923 3794 1263 3865 φυλάττομεν
1304 3797 1504 3851 ἄσυλον
1529 3814 1542 3830 ο
1579 3795 1655 3866 τῷ
1688 3798 1732 3850 δ’

165 3882 475 3954 αἰσθητικῷ
518 3885 639 3938 κατ’
686 3887 1016 3958 ἐπιστήμην,
1051 3889 1250 3957 ἀμιγὲς
1278 3892 1410 3944 αὐτὸ
1435 3892 1543 3944 τῶν
1576 3895 1728 3946 ἐνανο

162 3977 298 4029 τίων
321 3977 700 4048 διακρίνομεν’
741 3979 818 4049 τῷ
844 3980 899 4031 δὲ
928 3980 1238 4050 φωνητικῷ,
1271 3981 1556 4047 λαλοῦντες
1600 3987 1730 4038 αὐτὸ

164 4066 429 4136 ποιοῦμεν
476 4071 588 4131 τοῖς
641 4069 894 4136 ἀγνοοῦσι
946 4071 1204 4141 φανερόψ
1261 4074 1355 4125 καὶ
1385 4073 1462 4143 τῷ
1497 4077 1726 4146 γονίμῳ,

162 4156 510 4227 πληθύνομεν
537 4159 668 4212 αὑτό
689 4176 702 4188 ·
769 4158 970 4229 μᾶλλον
1019 4160 1063 4212 δ’
1111 4160 1309 4232 ἀληθὲς
1339 4165 1534 4229 εἰπεῖν,
1567 4169 1727 4237 ἡμεῖς

161 4247 286 4299 κατ’
311 4247 444 4300 αὐτὸ
475 4247 882 4318 πληθυνόμεθα.

1840 1999 1999 2059 plura
2023 1989 2351 2059 significavit
2375 2007 2388 2053 ;
2417 2007 2513 2058 per
2563 2007 2624 2045 ea
2653 2008 2774 2060 qua:
2804 2002 2953 2062 gesta
2995 2006 3314 2059 narrantur,
3341 2013 3406 2052 ea

1837 2097 1957 2150 qua:
1999 2080 2234 2151 spiritali
2264 2096 2428 2134 sensu
2461 2081 2814 2152 intelligenda
2845 2094 2996 2149 sunt,
3043 2085 3225 2142 obiter
3265 2087 3407 2141 indi-

1837 2186 1987 2224 οτιηε.

1907 2260 1992 2313 57.
2026 2259 2223 2312 Malunt
2259 2271 2545 2330 occeptum
2578 2262 2713 2316 dicit
2745 2281 2756 2316 :
2791 2266 2993 2335 quippe
3027 2283 3150 2322 cum
3182 2269 3405 2324 innatu-

1836 2350 2005 2404 ralem
2055 2359 2262 2403 motum
2317 2360 2566 2406 nostrum
2613 2356 2880 2423 originem
2932 2357 3146 2414 habeat.
3194 2361 3405 2416 Bonum

1835 2455 2016 2498 autem
2040 2460 2149 2499 non
2172 2454 2490 2517 occeptum;
2515 2447 2658 2515 quod
2686 2449 2943 2504 nimirum
2961 2461 3151 2506 natura
3177 2453 3403 2518 bonum,

1834 2537 1980 2590 omni
2009 2546 2251 2606 tempore
2286 2555 2513 2607 zevoque
2537 2540 2788 2596 anterius
2820 2550 2923 2597 est.
2953 2543 3301 2617 lntclligibile
3325 2547 3406 2599 dli-

1834 2629 1909 2682 cit
1939 2631 2162 2693 bonum,
2192 2631 2338 2700 quod
2379 2633 2555 2686 solum
2596 2643 2657 2686 ut
2682 2634 3052 2706 intelligamus
3080 2654 3259 2708 operm
3277 2657 3405 2710 prc-

1835 2723 1968 2774 tium
2029 2733 2288 2777 estznon
2341 2725 2684 2795 iutelligibile
2732 2735 2915 2780 autem
2962 2729 3199 2789 malum.
3257 2731 3404 2800 quod

1833 2813 2008 2865 solum
2051 2829 2158 2866 non
2195 2815 2498 2884 intelligere
2546 2833 2642 2870 seu
2689 2818 2927 2886 cogitare
2963 2819 3121 2875 nobis
3165 2831 3402 2890 praestet.

1832 2904 2002 2957 Porro
2025 2904 2244 2958 fandum
2275 2916 2429 2959 vocat
2451 2907 2654 2960 bonum
2679 2948 2691 2972 ,
2727 2909 2870 2977 quod
2907 2911 3082 2978 ipsum
3110 2913 3282 2966 solum
3307 2930 3406 2969 nos

1833 2993 1979 3062 loqui
2007 3011 2104 3064 par
2136 3004 2248 3060 est,
2293 2997 2536 3066 dicitque
2569 2999 2771 3053 bonum
2803 3015 2924 3054 esse
2957 3001 3100 3070 quod
3148 3003 3226 3066 fit,
3258 3005 3404 3075 quod

1833 3100 1955 3137 cum
1985 3096 2182 3139 natura
2211 3088 2511 3155 ingenitum
2555 3089 2625 3142 sit
2649 3105 2712 3143 ac
2746 3106 2854 3144 non
2895 3089 3123 3158 factum,
3155 3093 3226 3146 ob
3252 3110 3403 3147 sum-

1834 3190 1974 3228 mam
2013 3176 2426 3246 benignitatem,
2466 3190 2523 3233 ut
2554 3196 2582 3234 a
2612 3182 2794 3246 nobis,
2822 3183 2892 3235 ob
2913 3193 3159 3238 nostram
3191 3187 3284 3254 qui
3313 3187 3397 3241 fa-

1840 3267 2012 3321 einms
2057 3277 2222 3337 atque
2268 3271 2548 3339 loquimur
2587 3271 3006 3340 deificationem,
3037 3291 3136 3346 per
3173 3278 3404 3347 gratiam

1842 3359 1953 3418 fiat,
2005 3361 2331 3428 propensius
2356 3363 2629 3429 admittit;
2666 3366 2812 3433 quod
2858 3383 3028 3420 unum
3062 3368 3295 3422 maxime
3341 3385 3405 3423 ac

1840 3450 2330 3518 singularissimum
2377 3453 2516 3517 fieri,
2553 3471 2732 3524 opera:
2780 3459 3016 3527 pretium
3051 3470 3171 3514 est:
3201 3462 3402 3517 malum

1838 3557 1969 3593 vero
1995 3543 2140 3611 quod
2170 3559 2278 3596 non
2305 3545 2418 3607 ﬁat,
2450 3546 2595 3614 quod
2623 3549 2799 3600 solum
2831 3565 2940 3602 non
2964 3549 3121 3620 573
3156 3552 3272 3606 fieri
3316 3555 3403 3606 de-

1838 3640 1977 3684 ceat.
2022 3631 2394 3702 Corruplibile
2443 3637 2644 3689 malum
2679 3639 2922 3694 voeitat:
2966 3651 3051 3695 est
3088 3644 3233 3696 enim
3281 3659 3404 3698 cor-

1835 3723 2018 3790 ruptio
2051 3723 2177 3776 mali
2225 3735 2443 3790 natura,
2476 3744 2597 3796 quae
2633 3730 2836 3784 nullam
2879 3747 3104 3800 prorsus
3135 3734 3403 3788 exsisten-

1835 3813 1960 3866 tiam
1981 3824 2074 3868 aut
2102 3815 2459 3871 substantiam
2486 3818 2682 3874 habeat
2717 3838 2729 3874 :
2765 3820 2966 3876 bonum
3010 3833 3191 3878 autem
3225 3825 3403 3879 ineor-

1835 3903 2110 3971 ruptibile,
2149 3913 2209 3958 ut
2241 3907 2383 3975 quod
2410 3909 2480 3962 sit
2509 3925 2744 3979 semper,
2766 3919 2820 3967 et
2842 3929 3119 3983 nunquam
3160 3931 3280 3970 esse
3306 3915 3401 3970 de-

1834 3996 1994 4060 sinat,
2030 4013 2093 4050 ae
2115 3999 2316 4066 quibus
2346 4000 2505 4062 inest,
2541 4002 2966 4059 incolumitatem
2997 4022 3060 4060 ac
3086 4019 3399 4076 perennita-

1834 4097 1943 4140 tem
1986 4089 2206 4143 tribuat.
2256 4091 2405 4146 Istud
2441 4092 2604 4162 igitur
2639 4095 2854 4165 (nempe
2892 4097 3115 4169 bonum)
3147 4100 3401 4156 facultate

1833 4179 2058 4234 rationis
2099 4182 2430 4249 quzerimus;
2464 4183 2764 4252 cupiditate
2809 4203 3054 4243 amamus
3087 4205 3150 4245 ac
3181 4191 3399 4247 deside-

1833 4284 2049 4336 ramus;
2083 4271 2184 4335 ira,
2218 4271 2534 4329 inviolabile
2565 4289 2882 4343 servamus;
2910 4295 3103 4335 sensus
3138 4281 3400 4339 facultate

159 4353 264 4408 per
296 4338 577 4395 scientiam
611 4357 675 4394 ac
713 4342 1021 4407 solertiam,
1061 4342 1459 4401 incommistum
1521 4349 1696 4418 ipsum
1734 4371 1763 4410 a
1802 4362 2090 4417 contrariis
2129 4364 2524 4433 discernimus;
2573 4369 2723 4424 vocis
2785 4386 3024 4441 organo,
3068 4373 3135 4428 ad
3181 4390 3275 4429 eos
3303 4377 3397 4444 qui

160 4428 431 4493 nesciant,
450 4430 724 4499 loquendo
738 4431 1146 4486 manifestamus
1165 4450 1180 4497 ;
1198 4435 1416 4504 genitali
1448 4436 1726 4509 facultate,

157 4536 232 4578 ex
256 4520 375 4590 ejus
408 4535 508 4575 nos
530 4522 833 4578 rationibus
863 4524 1306 4595 multiplicamur.

1768 4445 1944 4515 ipsum
1993 4453 2450 4523 multiplicamus;
2495 4472 2591 4512 seu
2659 4460 2863 4528 potius,
2898 4472 2960 4517 ut
3024 4480 3152 4520 vere
3196 4465 3400 4534 dicam,

235 4635 336 4709 νη’.
369 4640 461 4691 Δεῖ
487 4639 580 4692 τὸν
615 4639 947 4710 θεωρητικὸν
975 4641 1118 4709 νοῦν,
1154 4643 1509 4713 βασιλεύοντα
1537 4650 1646 4704 τῶν
1671 4654 1727 4705 ἐν

235 4731 249 4745 Ι
331 4725 357 4745 τ
607 4731 618 4745 1
948 4733 962 4745 ι
1019 4733 1042 4745 Α
1175 4736 1186 4745 ι
1446 4741 1456 4745 -
1546 4742 1566 4745 __

1902 4657 1990 4712 58.
2023 4658 2216 4729 Operae
2265 4665 2504 4732 pretium
2535 4675 2620 4720 est
2657 4676 2896 4724 mentem
2944 4677 3394 4745 contemplationi

157 4731 277 4791 τοῖς
299 4725 417 4783 οὖσι
449 4731 736 4802 νοημάτων
768 4749 826 4785 τε
875 4733 971 4786 καὶ
1017 4733 1324 4805 θεαμάτων,
1373 4741 1469 4794 καὶ
1498 4742 1608 4796 τῶν
1646 4746 1726 4797 οἰ·

159 4819 328 4872 κείων
366 4820 706 4888 κινημάτων,
739 4821 851 4886 ῑξιν
893 4824 1088 4892 ἄγονον
1117 4825 1261 4896 ἔχειν
1293 4830 1490 4894 κακίας
1514 4849 1527 4862 ·
1566 4850 1722 4888 τουτ-

159 4909 301 4972 έστι,
337 4909 536 4962 κακίαν
569 4911 706 4979 μήτε
742 4910 1218 4981 συλλαμϐάνουσαν
1251 4919 1550 4988 παντελῶς,
1587 4927 1722 4993 μήτε

157 4999 488 5052 τίκτουσαν·
519 5001 602 5069 ἐφ’
627 4996 696 5074 ἦς
721 5001 884 5054 αὑτὸν
909 5003 992 5056 δεῖ
1045 5005 1171 5077 περὶ
1201 5006 1433 5074 θεωρίαν
1469 5013 1722 5084 κινούμε-

159 5103 254 5138 νον
300 5087 580 5157 φέρεσθαι,
616 5091 814 5160 μήπως
863 5093 1245 5165 πνευματικὴν
1277 5089 1600 5169 ποιούμενος
1628 5104 1727 5173 τὴν

156 5178 273 5230 τῶν
325 5179 492 5232 ὄντων
535 5180 840 5252 διάσκεψιν,
904 5182 1080 5238 λαθὼν
1135 5190 1408 5260 περιπέσῃ
1463 5193 1568 5245 τινὶ
1620 5195 1728 5247 τῶν

157 5271 561 5341 παραφθείρειν
614 5273 703 5327 διὰ
750 5275 896 5339 τινὸς
937 5277 1045 5331 τῶν
1082 5279 1359 5350 αἰσθητῶν
1408 5285 1728 5353 πεφυκότων

253 5430 492 5504 'Dionys.
516 5434 579 5488 de
604 5437 706 5490 die.
739 5453 880 5494 nom.

236 5586 313 5673 (gl
336 5588 680 5673 ,Ἦρχμὲνον
738 5596 806 5673 td
864 5600 1084 5673 xaxo-r'
1143 5599 1254 5654 οὐκ
1299 5602 1594 5673 ἠργμένον
1655 5611 1721 5663 τὸ

157 5657 404 5746 ἀγᾳθξν.
443 5657 676 5746 Crispum:
695 5663 895 5746 malum
917 5685 942 5746 ;_
964 5670 1155 5746 bonum
1174 5686 1287 5746 _r_ton
1310 5657 1722 5746 ἆτῖιιιὴιςοιιῇιιξ

161 5725 448 5811 utriusque
478 5725 620 5785 clara
644 5725 1040 5811 ratio_Ma1iimo
1073 5739 1267 5811 tradita
1296 5759 1306 5793 :

163 5809 194 5844 a
233 5794 388 5850 nobis
421 5812 713 5872 nostraque
749 5805 1152 5872 sitvoluntate;
1189 5794 1712 5873 bonum—autem

1832 4745 2095 4811 deditam,
2121 4765 2243 4818 quae
2271 4753 2660 4811 exsistentibus
2689 4758 2743 4810 in
2773 4759 2936 4813 rebus
2973 4763 3294 4821 nationibus
3330 4785 3398 4825 ac

1833 4841 2278 4907 speculabilibus,
2330 4845 2550 4914 suisque
2591 4848 2704 4916 ipsa
2749 4853 2990 4909 motibus
3036 4855 3389 4921 dominetur.

1833 4926 2129 4984 infecundo
2163 4932 2280 4985 vitii
2319 4949 2384 4988 ac
2416 4937 2636 4992 malitiae
2671 4939 2860 4995 habitu
2907 4945 3192 5012 praeditam
3223 4966 3341 5006 esse
3376 4969 3390 5004 :

1831 5017 2103 5085 ejusmodi
2123 5021 2336 5076 scilicet
2369 5025 2580 5089 habitu,
2636 5030 2731 5098 qui
2777 5047 2882 5087 nec
2934 5035 3125 5090 vitium
3165 5054 3230 5092 ac
3275 5056 3392 5096 ma-

1828 5105 2001 5161 litiam
2047 5111 2274 5165 omnino
2323 5117 2620 5186 concipiat,
2680 5136 2859 5191 neque
2913 5127 3126 5194 pariat:
3157 5144 3266 5198 quo
3310 5133 3395 5186 in-

1827 5206 2112 5268 structam,
2139 5203 2271 5259 ferri
2301 5223 2421 5262 eam
2447 5209 2791 5283 decetatque
2815 5220 3022 5272 moveri
3054 5221 3119 5274 ad
3149 5232 3396 5279 contem-

1827 5291 2158 5362 plationem;
2185 5312 2255 5351 ne
2277 5297 2419 5354 forte
2433 5300 2561 5356 dum
2587 5304 2816 5373 spiritali
2839 5324 3022 5366 rerum
3061 5313 3391 5384 inspectioni

1833 5623 1943 5667 tota
1956 5614 2372 5702 _sua_latitudine
2392 5621 2671 5702 abstrabat
2687 5627 2754 5681 ab
2770 5643 2837 5683 eo
2857 5630 2999 5698 quod
3017 5639 3096 5685 est
3121 5631 3387 5702 empisse;

1825 5685 1982 5772 [quod
2008 5685 2318 5772 Isit‘bonum
2342 5700 2568 5772 natura,
2596 5696 2773 5772 ipsum
2820 5685 3081 5772 aeternum
3113 5685 3388 5772 υέιίέᾷιιὶἰί

1817 5752 2056 5840 lnsipide
2091 5755 2279 5840 Picus.
2303 5767 2358 5840 et
2399 5752 2760 5834 ἁφιλογσᾶφως,

1814 5823 2005 5876 bonum
2036 5841 2137 5877 non
2166 5823 2451 5883 arctatum,
