4192 6436
233 416 366 486 1289
871 423 1204 486 CAPITUM
1239 424 1659 499 QUINQUIES
1694 424 2207 488 CENTENORUM
2245 427 2624 488 CENTURIA
2675 428 2786 487 ΙΙΙ.
3330 437 3463 500 1290

227 533 341 594 θοῖς
374 529 716 601 εὐχαριστῶν
744 531 901 603 όμοῦ,
937 534 1031 587 καὶ
1054 535 1084 586 6
1105 534 1193 587 ἐπ’
1227 534 1567 605 ἐγκλήμασιν
1602 532 1791 596 ἐταζό-

1921 536 1986 604 [ni
2021 535 2091 589 ob
2119 535 2260 588 dona
2291 536 2485 590 collata
2523 536 2720 604 gratias
2748 539 2878 605 agit,
2933 551 2989 591 se
3021 538 3296 604 hutniliat,
3346 556 3461 600 tum

228 639 406 692 μενος.
434 622 791 677 ταπεινοῦται
817 639 830 654 ο
881 626 909 677 6
957 626 1076 695 μὲν,
1106 628 1298 680 ἑαυτὸν
1329 629 1547 692 ἀνάξιον
1593 627 1797 697 κρίνων

1921 623 1990 691 lui
2024 622 2370 676 examinator
2398 622 2467 675 ob
2498 631 2705 690 patrata
2741 625 3005 689 crimina;
3033 639 3268 693 quorum
3299 630 3461 694 alter,

221 715 334 767 τῶν
363 715 621 769 δοθέντων
651 715 851 769 καλῶψ
880 718 910 770 ό
944 717 1024 779 δὲ,
1053 717 1239 772 λαϐεῖν
1262 720 1454 789 ἄφεσιν
1483 718 1592 772 τῶν
1617 717 1797 787 πλημ-

1921 714 2138 781 tcccptis
2185 713 2349 767 bonis
2389 713 2674 779 indignum
2732 729 2789 768 se
2838 717 3078 784 judicet;
3127 719 3268 775 alter
3309 737 3462 786 vero,

224 805 578 876 μεληθέντων
604 807 880 876 δεόμενος.
1393 831 1396 834 λ

1921 805 2114 859 veniam
2146 804 2472 858 delictorum
2503 805 2754 873 accipere
2788 807 3007 876 flagitet.

298 898 392 964 ξδ’.
419 899 492 951 Τδ
516 899 616 968 τῆς
640 900 1019 970 ὑπερηφανίας
1045 901 1236 962 πάθος,
1268 906 1331 954 ἐκ
1359 903 1452 955 δύο
1471 903 1797 972 συνέστηκεν

1970 897 2058 951 64.
2089 886 2374 965 Superbiae
2427 898 2623 952 vitium
2668 913 2735 951 ex
2777 896 2986 966 duplici
3029 913 3247 957 constat
3310 905 3464 974 igno-

221 990 480 1059 ἀγνοιῶν.
517 990 620 1044 Δύο
663 993 721 1044 δὲ
758 993 1111 1047 συνελθοῦσαι
1150 995 1285 1064 πρῦς
1335 991 1528 1047 ἕνωσιν
1560 996 1794 1063 ἄγνοιαι,

1921 990 2098 1044 'antia.
2147 991 2240 1045 Hae
2287 1005 2458 1054 vero,
2509 991 2566 1045 in
2619 1007 2786 1045 unum
2834 1002 3133 1059 coeuntes,
3185 997 3466 1068 alteraque

225 1083 361 1153 μίαν
391 1085 654 1155 φρόνησιν
677 1085 1087 1154 συγκεχυμένην
1109 1086 1453 1141 ἀποτελοῦσι.
1487 1087 1661 1149 Μόνος
1691 1088 1798 1158 γάρ

1921 1084 2055 1138 tlteri
2084 1093 2371 1146 consertae,
2409 1083 2690 1138 confusam
2725 1100 2887 1139 unam
2938 1085 3183 1140 elliciunt
3223 1088 3468 1156 pruden-

223 1175 433 1237 ἐκεῖνός
456 1178 606 1228 ἐστιν
631 1176 996 1246 ὑπερήφανος,
1029 1178 1057 1228 6
1091 1176 1182 1229 καὶ
1222 1177 1316 1246 τὴν
1344 1178 1494 1230 θείαν
1526 1177 1795 1249 βοήθειαν,

1929 1174 2054 1228 iam.
2084 1174 2245 1228 Solus
2267 1173 2413 1226 enim
2447 1173 2537 1226 ille
2567 1176 2839 1243 superbus
2867 1185 2970 1237 cst,
3005 1177 3100 1244 qui
3142 1186 3197 1230 et
3217 1178 3467 1232 divinum

222 1266 322 1320 καὶ
370 1267 468 1336 τὴν
525 1267 875 1336 ἀνθρωπίνην
926 1271 1198 1339 ἀγνοήσας
1250 1268 1553 1322 ἀσθένειαν.
1591 1269 1800 1322 υύκοῦν

1921 1267 2186 1336 tuxilium,
2221 1274 2277 1319 et
2300 1265 2592 1320 humanam
2625 1267 2837 1334 ignorat
2879 1269 3328 1324 imbecillitatem.
3372 1268 3468 1325 Est

224 1357 581 1428 ὑπερηφανία
618 1360 756 1422 ἐστὶ,
806 1361 957 1424 θείας
1002 1361 1097 1413 καὶ
1145 1360 1496 1432 ἀνθρωπίνης
1547 1340 1798 1428 γνώσεως

1926 1367 2086 1426 taque
2117 1356 2395 1426 superbia,
2432 1357 2631 1412 divinae
2674 1358 3034 1428 humanaeque
3058 1361 3303 1416 scientiae
3351 1361 3466 1431 pri-

227 1451 510 1522 στέρησις.
544 1453 622 1521 Τῇ
685 1453 794 1522 γάρ
840 1453 949 1506 τῶν
987 1452 1201 1523 ἀληθῶν
1250 1453 1438 1524 ἄκρων
1502 1453 1796 1522 ἀποφάσει,

1921 1444 2068 1497 ratio.
2133 1443 2514 1497 Extremorum
2569 1459 2805 1511 namque
2849 1461 3103 1500 verorum
3152 1449 3464 1516 negatione,

228 1543 331 1612 μία
361 1545 455 1596 καὶ
480 1543 684 1614 ψευδὴς
715 1545 948 1616 ὑπάρχει
975 1529 1305 1612 κατάφασις.
1740 1581 1744 1584 ~

1921 1547 2010 1585 ma
2041 1531 2280 1601 falsaque
2306 1533 2519 1586 exsistit
2553 1532 2864 1588 affirmatio.

302 1630 396 1698 Ea'.
457 1634 522 1685 'H
572 1635 870 1699 κενοδοξία,
925 1635 1132 1688 σκοποῦ
1188 1634 1286 1704 μὲν
1333 1635 1428 1688 τοῦ
1481 1633 1623 1688 κατά
1669 1635 1801 1687 Θεόν

1973 1625 2059 1677 65.
2091 1623 2272 1678 Inanis
2301 1624 2496 1692 gloria,
2524 1638 2552 1676 ο
2595 1623 2786 1677 divino
2825 1640 2990 1694 seupo
3034 1642 3210 1695 exque
3267 1628 3469 1682 divinis

226 1726 379 1776 ἔστιν
424 1724 719 1788 ἔκστασις·
790 1726 927 1796 πρὸς
979 1725 1038 1778 δὲ
1086 1726 1246 1780 ἄλλον
1298 1727 1502 1780 σκοπὸν
1535 1729 1686 1797 παρά
1712 1728 1801 1782 τὸν

1921 1715 2209 1770 'ationibus
2229 1714 2559 1769 exorbitatio
2580 1726 2684 1779 est,
2709 1715 2867 1785 575
2882 1717 3045 1786 inque
3061 1719 3226 1771 aiium
3245 1735 3466 1789 scopum

227 1812 376 1867 θεῖον
433 1816 666 1887 ὑπάρχει
723 1817 1044 1886 μετάϐασις.
1093 1817 1380 1881 Κενόδοξος
1427 1817 1536 1888 γάρ
1573 1819 1743 1882 ἐστιν,
1773 1821 1802 1872 ό

1921 1823 2066 1876 tuam
2089 1806 2334 1860 divinum
2365 1805 2623 1860 deviatio.
2670 1807 2851 1862 Inanis
2877 1809 3024 1862 enim
3068 1810 3256 1878 gloriae
3293 1812 3473 1866 culte.-

227 1907 331 1974 τῆς
361 1871 616 1972 οἰκείαςῗ
637 1871 775 1962 ἀλλά
824 1871 1035 1980 μὴ
1083 1908 1236 1972 θείας
1285 1871 1453 1962 εἶρέκᾶ
1498 1871 1804 1981 ὲόξης.

1921 1909 2032 1962 :st,
2091 1899 2185 1967 qui
2223 1915 2334 1952 suae
2394 1899 2580 1969 gloriae
2617 1915 2806 1968 causa,
2851 1917 2960 1955 non
3006 1901 3227 1967 divinae,
3279 1906 3471 1960 virtuti

227 1996 433 2067 ἀρετὴν
468 1997 825 2068 ἐπιτηδεύων,
855 1999 951 2052 καὶ
994 1998 1175 2061 πόνοις
1217 1999 1439 2062 οἰκείοις
1471 2001 1600 2064 τοὺς
1627 2000 1685 2066 ἐξ
1714 2002 1806 2054 ἀν-

1921 1989 2110 2053 itudet,
2143 1991 2366 2059 suisque
2402 1989 2684 2044 laboribus
2713 1991 2932 2061 fragiles
2958 2008 3022 2047 ac
3053 2008 3176 2063 quae
3213 2009 3282 2049 ne
3322 1997 3472 2050 exsi-

230 2087 469 2159 Θρώπων
499 2089 905 2152 ἀνυποστάτους
934 2089 1194 2151 ἐπαίνους
1219 2090 1556 2161 ὠνούμενος.

1921 2092 2057 2138 stant
2085 2082 2330 2153 quidem,
2359 2083 2628 2138 humanas
2657 2082 2879 2139 redimit
2911 2084 3120 2139 laudes.

306 2177 413 2242 £3".
459 2180 515 2233 ’0
565 2181 1052 2250 ἀνθρωπάρεσκοῦ
1106 2182 1284 2253 μόνων
1321 2185 1666 2256 ἐπιμελεῖται
1696 2183 1807 2239 τῶν

1975 2177 2061 2230 66.
2108 2177 2211 2242 Qui
2256 2177 2651 2231 asscntationis
2700 2177 2836 2230 vitio
2881 2177 3113 2241 laborat,
3162 2193 3329 2232 unum
3371 2180 3476 2232 hoc

231 2271 577 2339 φαινομένων
609 2272 774 2340 ἠθῶν,
807 2273 899 2326 καὶ
933 2276 1039 2348 μὴν
1065 2278 1161 2332 καὶ
1189 2277 1349 2345 λόγου
1385 2275 1482 2329 τοῦ
1526 2277 1756 2340 κόλακος
1786 2291 1802 2307 ⁶

1921 2279 2064 2322 :urat
2098 2277 2155 2320 ut
2187 2269 2435 2322 exterius
2461 2279 2616 2338 gestu
2640 2269 2946 2338 habituque
2971 2284 3153 2323 mores
3174 2286 3306 2326 suos
3329 2286 3478 2324 com-

234 2358 327 2410 ῖνα
358 2361 470 2421 τοῖς
505 2360 602 2429 μὲν
647 2359 744 2430 τὴν
772 2361 962 2432 ὅρασιν
982 2406 998 2428 ,
1025 2365 1105 2435 τῷ
1143 2365 1203 2418 δὲ
1243 2365 1343 2435 τὴν
1366 2365 1536 2435 ἀκοὴν
1561 2365 1807 2435 σφετερί-

1921 2369 2072 2426 ρουιιι
2103 2376 2117 2408 z
2153 2358 2326 2412 sedet
2358 2357 2646 2412 adulatorii
2683 2360 2956 2413 sermonis
2974 2361 3238 2413 rationem
3274 2361 3473 2424 habet;

233 2450 420 2517 ζηται,
461 2449 569 2503 τῶν
604 2452 785 2520 μόνοις
821 2455 1096 2523 ἡδομένων
1144 2456 1177 2526 ἢ
1228 2456 1325 2509 καὶ
1357 2455 1808 2526 καταπληττομέ-

1921 2457 1970 2502 ut
1993 2449 2252 2502 nimirum
2289 2450 2462 2504 altero
2487 2459 2770 2518 aspectum
2798 2450 3063 2515 deliniant;
3095 2453 3266 2505 aitero
3289 2464 3476 2507 autem

235 2558 346 2594 νων
391 2545 502 2606 τοῖς
536 2545 882 2611 φαινομένοις
917 2563 976 2598 τε
1012 2548 1106 2598 καὶ
1135 2548 1509 2617 ἀκουομένοις,
1540 2548 1632 2600 καὶ
1670 2548 1808 2619 μόνῃ

1921 2555 2004 2594 eos
2020 2540 2276 2603 mulceat,
2295 2541 2385 2608 qui
2403 2541 2616 2594 nonnisi
2636 2540 2766 2595 visis
2785 2542 3094 2611 auditisque
3111 2543 3475 2609 delectantur,

236 2633 306 2700 τῇ
339 2631 591 2702 αἰσθήσει
624 2635 1075 2704 περιγραφόντων
1101 2637 1198 2706 τὴν
1259 2637 1485 2705 ἀρετήν.
1529 2635 1810 2706 Ἀνθρωπ-

1921 2645 2006 2684 seu
2041 2631 2205 2683 etiam
2228 2631 2337 2685 iiiis
2362 2629 2723 2684 admiratione
2749 2630 3049 2695 ducuntur,
3083 2647 3146 2686 ac
3169 2633 3284 2687 solo
3309 2647 3474 2687 sensu

237 2723 533 2793 ἀρέσκειαν
560 2721 654 2777 οὖν
691 2743 890 2794 φαμεν,
938 2727 1037 2797 τὴν
1079 2726 1154 2790 ὡς
1183 2728 1269 2782 ἐπ’
1295 2730 1464 2797 ἀρετῇ
1496 2727 1561 2779 δι’
1601 2727 1812 2797 ἀνθρώ-

1921 2724 2171 2777 virtutem
2212 2723 2704 2788 circumscribunt.
2733 2724 3139 2777 Assentationis
3168 2727 3348 2793 itaque
3381 2741 3475 2782 seu

239 2830 378 2876 πους
410 2815 704 2886 γινομένην
735 2817 842 2869 τῶν
866 2817 1012 2886 if)an
1035 2836 1092 2869 τε
1124 2819 1298 2886 λόγων
1325 2816 1608 2881 ἐπίδειξιν.

1921 2809 2232 2864 dcmercndi
2252 2810 2504 2864 homines
2523 2811 2718 2865 vitium
2749 2811 2865 2878 (άνο
2877 2811 3316 2881 ρωπαρέσκειαν)
3339 2811 3477 2866 dici-

1913 2918 2055 2964 mus,
2096 2917 2217 2971 quae
2249 2902 2301 2956 in
2334 2902 2580 2957 moribus
2609 2918 2671 2957 ac
2700 2903 3048 2958 sermonibus
3077 2904 3231 2973 quasi
3260 2905 3480 2958 virtutis

1915 2993 2135 3047 nomine
2172 2993 2468 3047 ostentatio
2499 2995 2788 3063 contingit.

317 3075 412 3140 ξζ’.
452 3075 770 3148 ’Υπόκρισίς
818 3079 957 3140 ἐστι,
1007 3077 1191 3146 φιλίας
1224 3078 1586 3147 προσποίῧσῑῖ
1609 3093 1624 3108 ⁶
1658 3075 1691 3149 ἦ
1722 3078 1813 3148 id"

1986 3085 2071 3140 67.
2125 3085 2438 3156 Ilypocrisis
2473 3125 2486 3148 ,
2544 3086 2799 3140 amicitim
2874 3085 3156 3139 simulatio
3210 3096 3331 3151 est;
3387 3097 3482 3140 aut

246 3183 357 3230 σος,
415 3169 656 3236 σχήματι
712 3169 896 3236 φιλίας
950 3169 1370 3238 κεκαλυμμένον
1391 3185 1404 3198 ·
1440 3169 1473 3240 ἦ
1523 3168 1712 3239 ἔχθρα,
1742 3169 1811 3222 δι’

246 3260 458 3284 -.9...-Ξ--
490 3262 572 3284 1-.-
591 3261 855 3284 --.-....1.._
885 3279 898 3284 -
931 3262 959 3284 ,σὲ
995 3261 1107 3284 --D.'-
1129 3278 1185 3284 ,ρ
1243 3261 1456 3284 Δ-.Δ....Α-
1485 3259 1809 3284 __...-..--_:-._

1921 3178 2126 3244 odium,
2155 3179 2408 3234 amicitiae
2431 3178 2621 3234 habitu
2645 3179 2974 3234 occultatum
3000 3197 3014 3244 ;
3050 3189 3142 3234 aaut
3161 3180 3478 3242 inimicitiae.

244 3260 458 3323 εὐνοίας
488 3261 862 3330 ἐνεργουμένη
885 3279 898 3293 ·
931 3262 963 3330 ἢ
993 3261 1205 3328 φθόνος,
1237 3261 1456 3330 ἀγάπης
1485 3259 1813 3334 χαρακτῆρα

1921 3289 2036 3342 quae
2061 3273 2459 3327 benevolentia:
2487 3271 2610 3326 ﬁcta
2638 3273 2819 3342 specie
2852 3283 3250 3337 exerceantur;
3279 3283 3373 3328 aut
3400 3275 3483 3328 in-

249 3351 622 3421 μιμούμενος·
679 3352 712 3422 ἢ
770 3351 906 3420 βίος,
964 3352 1164 3422 ἀρετῆς
1224 3353 1530 3422 πλάσματι,
1583 3352 1699 3405 ἀλλ’
1751 3353 1811 3405 οὑ

1921 3363 2082 3426 ι’ἰιιίίι,
2123 3362 2433 3416 dilectionis
2472 3362 2699 3432 ﬁguram
2735 3362 2977 3417 referens
3021 3381 3034 3416 :
3081 3374 3176 3418 aut
3213 3365 3345 3429 vita,
3373 3368 3484 3420 vir-

250 3444 533 3512 πρὰγματι
560 3442 620 3495 τὸ
654 3443 879 3510 κόσμιον
909 3442 1068 3510 ἒχωνο
1088 3442 1122 3514 ἦ
1145 3442 1493 3512 δικαιοσύνης
1521 3444 1816 3514 προσποίη-

1921 3455 2048 3510 tutis
2082 3455 2228 3517 fuco,
2269 3471 2377 3508 non
2425 3456 2542 3524 ipsa
2574 3471 2630 3509 re
2678 3455 3020 3510 honestatem
3083 3457 3338 3512 habens:
3389 3470 3486 3512 aut

259 3551 366 3596 σις,
419 3536 483 3603 τῇ
520 3533 611 3586 τοῦ
644 3529 780 3586 εἶναι
811 3533 1028 3602 δοκήσει
1057 3535 1464 3603 συντηρουμένη
1493 3549 1505 3561 °
1542 3534 1573 3602 ἦ
1607 3535 1813 3603 ἀπάτη,

1921 3547 2135 3617 iustitiae
2166 3546 2445 3600 simulatio
2476 3588 2490 3610 ,
2531 3561 2652 3616 quae
2701 3547 2815 3599 sola
2847 3547 3169 3617 apparentia
3218 3558 3438 3602 constet
3465 3566 3482 3610 ;

246 3623 506 3694 ἀληθείας
543 3621 747 3691 ἔχουσα
801 3621 1115 3692 μόρφωσιν·
1154 3624 1219 3693 ἣν
1250 3624 1297 3674 oi
1325 3623 1414 3674 τὸν
1447 3623 1568 3690 ὅφιν
1603 3625 1668 3693 τῇ
1705 3623 1814 3675 τῶν

1921 3649 2004 3693 aut
2030 3655 2208 3702 error,
2230 3639 2478 3692 veritatis
2499 3637 2728 3692 formam
2761 3639 3006 3703 habens;
3035 3654 3198 3708 quam
3234 3639 3269 3693 ii
3296 3640 3486 3694 colunt

247 3714 394 3786 ὴθῶν
427 3713 734 3783 σκολιότητι
776 3713 1128 3784 μιμούμενοι,
1165 3714 1602 3782 ἐπιτηδεύουσιν.

1921 3746 2078 3800 atque
2120 3736 2423 3792 sectantu‘r,
2473 3731 2566 3800 qui
2617 3746 2830 3785 morum
2865 3731 3133 3800 pravitate
3171 3745 3485 3802 serpentem

1919 3821 2229 3875 imitantur.

1989 3915 2075 3968 68.
2135 3915 2278 3966 Deus
2327 3929 2511 3966 rerum
2551 3924 2744 3967 auctor
2803 3923 2908 3974 est,
2953 3930 3016 3968 ac
3059 3914 3330 3968 bonorum
3365 3929 3490 3983 quae

1920 4003 2087 4056 rebus
2116 4003 2325 4055 insunt.
2358 4002 2407 4054 Is
2437 4003 2643 4070 itaque,
2694 4003 2788 4071 qui
2829 4004 3051 4057 virtutis
3095 4013 3192 4058 aut
3243 4005 3491 4059 scientiae

1919 4097 2138 4146 nomine
2166 4093 2469 4157 extoiiitur,
2507 4109 2608 4148 nec
2652 4111 2750 4164 pro
2778 4095 2939 4148 modo
2982 4095 3203 4150 virtutis
3239 4110 3490 4164 seupro-

1920 4183 2115 4247 fectus,
2161 4194 2448 4252 praestante
2478 4185 2672 4253 gratia,
2727 4185 3061 4240 infirmitatis
3099 4201 3208 4241 suae
3245 4186 3492 4241 modesto

1921 4290 2084 4328 sensu
2120 4275 2454 4342 agnitionem
2489 4277 2764 4338 intendit,
2826 4277 3098 4345 superbiae
3145 4278 3349 4331 malum
3381 4295 3492 4332 non

319 3891 421 3964 ξη’.
464 3893 528 3946 Ἦ
561 3892 669 3946 τῶν
702 3893 868 3945 όντων
922 3892 1088 3956 αἰτία,
1140 3891 1372 3946 καὶτῶν
1422 3893 1478 3946 έν
1523 3895 1634 3956 τοῖς
1667 3887 1817 3946 οὖσιν

246 3985 492 4054 ἀγαθῶν,
526 3985 674 4038 ἐστὶν
713 3987 740 4037 6
768 3985 923 4046 Θεός.
963 3984 1022 4037 '0
1049 3983 1232 4037 τοίνυν
1265 3985 1393 4055 περῖ⁹
1419 3984 1518 4054 τὴν
1543 3986 1745 4056 ἀρετὴν
1774 3985 1807 4054 ἢ

246 4075 348 4144 τὴν
376 4074 574 4142 γνῶσιν
601 4073 981 4141 ἐπαιρόμενος,
1019 4072 1113 4124 καὶ
1143 4072 1218 4142 μὴ
1253 4071 1332 4140 τῷ
1381 4073 1564 4141 μέτρῳ
1613 4072 1710 4142 τῆς
1758 4072 1818 4123 ὲν

247 4166 437 4235 χάριτι
486 4163 686 4233 ἀρετῆς
739 4161 857 4231 ἦτοι
907 4161 1213 4230 προκοπῆς,
1267 4159 1817 4228 συνεπεκτείνωντῆς

245 4254 456 4315 οἰκείας
484 4251 763 4314 ἀσθενείας
789 4252 888 4322 τὴν
921 4250 1394 4320 ὲπιγνωμοσύνην,
1427 4249 1488 4300 τὸ
1517 4251 1614 4319 τῆς
1645 4251 1816 4317 ὑπερ-

247 4346 489 4418 ηφανίας
516 4344 684 4397 κακον
717 4344 778 4395 οὐ
806 4343 1080 4411 διέφυγεν.
1117 4342 1176 4395 ’0
1203 4343 1260 4395 δὲ
1287 4341 1443 4411 δόξης
1470 4342 1654 4394 ἕνεκεν
1686 4341 1821 4404 ἰδίας

247 4439 314 4492 τὸ
344 4437 506 4490 καλὸν
533 4435 888 4505 ἐπιτηδεύων,
918 4435 1111 4488 ἑαυτὸν
1138 4436 1234 4498 τοῦ
1256 4435 1392 4488 Θεοῦ
1433 4435 1819 4505 προτετίμηκε,

1924 4454 2074 4516 colit,
2132 4455 2245 4522 ipse
2290 4470 2348 4509 se.
2400 4456 2531 4516 Deo,
2581 4457 2758 4509 inanis
2795 4457 2978 4524 gloriae
3029 4457 3184 4510 clavo
3222 4455 3492 4518 confixus,

248 4530 333 4598 τῷ
361 4529 458 4598 τῆς
488 4529 792 4593 κενοδοξίας
821 4527 936 4598 ἥλῳ
990 4527 1341 4597 περιπαρείς.
1386 4527 1446 4580 '0
1494 4526 1550 4578 δὲ
1599 4527 1734 4595 πρὶς
1765 4525 1819 4577 τὸ

1925 4545 2257 4612 anteposuit.
2296 4545 2398 4610 Qui
2439 4555 2618 4599 autem
2655 4557 2711 4599 ut
2752 4548 2818 4599 ab
2873 4548 3189 4602 hominibus
3242 4548 3496 4602 videatur

251 4618 518 4687 θεαθῆναι
565 4618 674 4680 τοῖς
707 4615 1037 4687 ἀνθρώποις,
1094 4617 1266 4670 ποιῶν
1306 4617 1365 4687 ἦ,
1392 4615 1570 4669 λαλῶν
1619 4619 1694 4686 (Ιι)
1721 4616 1819 4686 τὴν

1925 4643 2020 4688 aut
2051 4636 2177 4689 facit
2210 4653 2330 4704 quae
2357 4637 2578 4690 virtutis
2612 4647 2757 4697 sunt,
2795 4649 2887 4690 aut
2915 4639 3159 4706 loquitur
3185 4680 3198 4699 ,
3246 4647 3495 4691 assenta-

253 4711 486 4780 ἁρετὴν,
507 4709 607 4778 τῆς
640 4709 790 4771 θείας
815 4708 996 4780 πολλῷ
1023 4709 1122 4780 τὴν
1154 4709 1504 4780 ἀνθρωπίνην
1550 4708 1819 4778 ἀποδοχὴν

1928 4726 2094 4780 tionis
2118 4725 2310 4779 morbo
2333 4725 2608 4790 laborans,
2652 4727 2807 4795 longe
2844 4728 3014 4795 pl'la'is
3044 4727 3207 4781 habet
3241 4740 3298 4780 ut
3320 4727 3498 4785 homi-

254 4802 586 4873 ὑπερέθηκε,
643 4802 722 4873 τῷ
767 4801 867 4870 τῆς
912 4801 1437 4872 ἀνθρωπαρεσκείας
1470 4801 1631 4854 πάθει
1660 4818 1819 4870 νοση-

1928 4818 2113 4880 nibus,
2173 4833 2336 4885 quam
2368 4827 2427 4871 ut
2477 4819 2587 4872 Deo
2639 4821 2923 4888 probetur.
2965 4819 3068 4884 Qui
3108 4817 3345 4887 denique
3382 4819 3497 4872 sciat

253 4895 581 4962 λευόμενοςο
621 4895 649 4946 6
702 4893 757 4945 δὲ
814 4894 973 4962 μόνον
1003 4895 1068 4961 τῇ
1119 4893 1239 4945 κατ’
1285 4893 1484 4963 ἀρετὴν
1533 4893 1819 4961 σεμνότητι

1929 4907 2150 4960 virtutis
2183 4907 2467 4961 honestate
2497 4909 2562 4962 ad
2598 4908 2779 4963 fucum
2826 4908 3134 4960 faciendum
3190 4908 3331 4960 malo
3377 4916 3499 4959 astu

253 4985 396 5054 πρὸς
428 4983 642 5054 ἀπάτην
672 4983 992 5052 κακούργως
1020 4981 1332 5052 ἐπιχρὼσας
1363 4985 1430 5035 τά
1455 4983 1582 5053 ἢθη,
1611 4984 1705 5035 καὶ
1726 4982 1819 5052 τὴν

1931 4998 2363 5060 mort-sit'nbttit,
2398 5013 2728 5067 pravamque
2757 4998 2924 5051 animi
2975 4997 3320 5050 aﬂ‘retionem
3366 5014 3499 5050 con-

256 5077 506 5147 ιτονηράν
537 5076 634 5146 τῆς
665 5075 891 5146 γνώμης
937 5075 1174 5128 διάθεσιν
1204 5075 1286 5144 τῷ
1337 5076 1648 5143 φαινομένῳ
1697 5077 1819 5144 σχη-

1931 5090 2122 5160 spicuo
2158 5091 2433 5160 religionis
2466 5092 2685 5161 pietatis
2715 5092 2903 5145 habitat
2948 5092 3178 5161 obtegit,
3234 5093 3278 5144 is
3334 5091 3502 5160 hypo-

260 5187 399 5242 ματι
430 5170 721 5222 καλύπτων
754 5169 852 5239 τῆς
886 5168 1190 5231 εὑλαόείας,
1239 5167 1315 5238 τῷ
1363 5167 1463 5238 τῆς
1489 5168 1819 5239 ὑποκρίσεως

1933 5181 2093 5235 crisis
2117 5179 2244 5234 dolo
2273 5181 2532 5235 virtutem
2567 5182 2811 5237 redimit.
2841 5182 2941 5248 Qui
2976 5199 3105 5252 ergo
3138 5183 3260 5236 talis
3282 5191 3387 5244 cst,
3437 5181 3502 5236 ad

255 5266 542 5331 ὲΞωνεῖται
570 5263 707 5333 δόλῳ
743 5264 842 5333 τὴν
863 5264 1082 5335 ἀρετήν.
1117 5262 1327 5316 Οὐκοῦν
1375 5264 1403 5315 6
1447 5262 1706 5324 τοιοῦτος,
1739 5262 1819 5313 ἐπ’

1936 5271 2040 5325 alia
2085 5287 2246 5340 quam
2305 5273 2371 5326 ad
2422 5282 2724 5336 auctorem,
2774 5273 2970 5327 horum
3015 5273 3282 5343 cujusque
3339 5270 3506 5324 finem

256 5355 400 5411 ἄλλα
434 5357 582 5425 παρὰ
606 5355 701 5426 τὴν
733 5355 911 5406 αἰτίαν
955 5355 1187 5407 ἑκάστου
1221 5353 1426 5406 τούτων
1455 5354 1706 5422 ἀπήγαγε
1738 5352 1830 5405 τὸν
1938 5363 2146 5417 retulit,

261 5449 487 5500 σκοπόν.

339 5539 435 5604 ξθ’.
466 5542 480 5560 ⁸
510 5539 697 5602 Οὐδεὶς
725 5537 831 5590 τῶν
859 5537 1108 5608 πινηρῶν
1132 5537 1420 5607 δαιμόνων,
1454 5537 1546 5589 τοῦ
1578 5538 1819 5606 ἐναρέτοτ

1992 5539 2080 5594 69.
2096 5541 2288 5596 Nullus
2303 5557 2543 5612 unquam
2561 5544 2962 5613 llCt’llliSSiillOl‘tl
2975 5559 3023 5596 tn
3040 5543 3369 5606 daemonum,
3386 5540 3507 5610 ejus

342 5659 360 5679 ‘
387 5656 468 5712 Cf.
495 5656 560 5710 ad
586 5656 828 5709 Thalass.
855 5670 908 5722 q.
935 5654 1021 5708 56.

337 5748 415 5875 se)
455 5746 642 5805 Ησ-ιῶν
663 5750 698 5813 ἢ
728 5748 952 5802 λαλῶν.
979 5749 1111 5802 Male
1134 5749 1297 5802 editis
1334 5749 1525 5811 δοκῶν,
1576 5750 1722 5820 quod
1774 5761 1819 5806 et

411 5826 500 5875 c'ra:
527 5832 755 5874 conatus
783 5828 885 5875 est.
918 5819 1139 5871 Exercet
1164 5828 1252 5872 aut
1286 5819 1523 5872 ciuntlttt.

1921 5751 2212 5810 adiciamus
2241 5763 2343 5820 est,
2381 5769 2481 5810 nec
2517 5753 2647 5810 satis
2685 5753 2776 5809 hic
2846 5754 3116 5823 congruit,
3170 5751 3273 5806 etsi
3350 5751 3509 5807 Picus

268 5819 500 5880 reddere
527 5832 755 5874 conatus
783 5828 885 5883 est,
918 5819 1139 5871 Exercet
1164 5828 1252 5872 aut
1286 5819 1523 5872 simulat.

558 5914 823 5971 PATltOL.
876 5911 988 5974 (in.
1040 5913 1160 5972 XC.
3119 5911 3186 5970 ιιι

1922 4364 2133 4433 effugit.
2161 4365 2262 4429 Qui
2289 4382 2440 4420 vero.
2467 4368 2699 4435 propriae
2726 4369 2911 4434 ginriae
2932 4383 3095 4422 causa
3147 4367 3493 4423 honestatem
3573 4388 3578 4396 ·
