4192 6436
254 436 383 501 1293

889 434 1222 500 CAPITUM
1268 430 1688 507 QUINQUIES
1740 427 2259 491 CENTENORUM
2314 431 2700 492 CENTURIA
2742 431 2855 491 IlI.

3351 426 3488 491 1294

244 551 336 603 καὶ
366 546 508 618 ὑπὲρ
534 545 709 601 πάντα
737 545 885 607 νοῦν.
916 540 962 616 ᾧ
990 547 1193 617 γνῶσις
1220 544 1342 600 καθ’
1362 542 1543 596 ὁτιοῦν
1568 542 1811 612 πέφυκεν

1929 539 2163 610 superior
2192 552 2297 605 est,
2334 556 2458 595 cum
2489 550 2544 593 et
2576 556 2792 594 omnem
2816 538 3026 595 inﬁnite
3061 536 3292 593 excedat
3338 554 3491 594 men-

244 640 593 706 ὑποπίπτειν,
626 638 1014 710 ὑπεραπείρως
1036 636 1363 705 καθέστηκε.

310 821 406 868 σε’.
460 813 557 880 Τίς
599 810 692 865 τὸν
724 810 865 864 θεῖον
911 809 1013 861 οὑκ
1042 806 1182 878 ἔχων
1213 803 1526 860 ἐνοικοῦντα
1552 803 1710 869 λόγον
1740 798 1819 869 τῷ

241 907 397 977 βάθει
446 908 548 975 τῆς
592 904 819 974 καρδίας
839 941 856 967 ,
912 900 1206 969 δυνήσεται
1236 898 1365 961 τοὺς
1389 897 1613 964 ἀφανεῖς
1634 893 1819 955 δόλους

239 1001 339 1069 τῆς
366 999 491 1052 καθ’
513 997 673 1067 ἡμῶν
710 995 1049 1066 ὑποκρίσεως
1077 992 1186 1045 τῶν
1212 991 1482 1061 δαιμόνων
1500 987 1817 1053 ὑποκλίνας,

240 1092 435 1161 στῆναι
487 1090 609 1144 καθ’
634 1087 828 1143 ἑαυτὸν
880 1085 1225 1157 μονώτατος,
1288 1080 1458 1152 χωρίς
1511 1094 1654 1141 τινος
1698 1080 1821 1131 ἐπι-

242 1182 450 1252 μιξίας,
493 1181 589 1235 καὶ
616 1179 973 1249 οἰκοδομῆσαι
1003 1174 1101 1229 τοῦ
1132 1172 1340 1244 Κυρίου
1371 1169 1462 1223 τὸν
1487 1167 1636 1231 ναὸν,
1680 1166 1823 1220 κατά

238 1274 335 1326 τὸν
367 1272 543 1343 μέγαν
569 1268 878 1341 Ζοροϐάϐελ
906 1268 1000 1322 καὶ
1024 1265 1118 1320 τὸν
1145 1262 1356 1335 Ἰησοῦν
1385 1261 1481 1314 καὶ
1504 1260 1630 1322 τοὺς
1655 1258 1824 1328 ἡγου-

243 1364 443 1434 μένους
480 1362 589 1415 τῶν
616 1358 863 1431 πατριῶν
882 1398 897 1423 ,
957 1356 1267 1426 φάσκοντας
1290 1350 1587 1423 διαρρήδην
1613 1348 1825 1420 μεγάλῃ

238 1457 310 1525 τῇ
340 1456 492 1524 φωνῇ
534 1456 646 1516 τοῖς
688 1448 968 1505 ἀπατεῶσι
1013 1444 1289 1513 πνεύμασι
1321 1444 1419 1513 τῆς
1449 1439 1827 1512 ὑπερηφανίας

240 1543 339 1594 καὶ
368 1544 465 1611 τῆς
501 1538 807 1603 κενοδοξίας
838 1538 935 1591 καὶ
963 1536 1063 1606 τῆς
1091 1530 1581 1605 ἀνθρωπαρεσκίας
1606 1530 1700 1583 καὶ
1728 1528 1826 1599 τῆς

240 1630 584 1700 ὑποκρίσεως
604 1644 617 1658 ·
650 1630 772 1699 Οὐχ
794 1627 940 1697 ἡμῖν
968 1627 1067 1681 καί
1095 1624 1240 1694 ύμῖν
1282 1622 1392 1677 τοῦ
1435 1619 1829 1691 οἰκοδομῆσαι

240 1720 353 1774 τὸν
387 1716 559 1774 οἶκον
590 1720 786 1787 Κυρίῳ
816 1718 896 1784 τῷ
925 1717 1047 1783 Θεῷ
1073 1713 1271 1785 ἡμῶν
1319 1711 1487 1781 ἡμεῖς
1519 1711 1630 1780 γὰρ
1652 1711 1829 1779 μόνοι

244 1813 727 1882 οἰκοδομήσομεν
757 1810 837 1877 τῷ
859 1810 1052 1877 Κυρίῳ
1080 1808 1187 1862 τοῦ
1227 1804 1506 1873 Ἰσραήλ·
1543 1801 1828 1871 γινώσκων

1918 641 2051 695 tem,
2084 633 2139 687 in
2176 648 2341 703 quam
2372 641 2431 687 ut
2456 632 2615 687 cadat
2646 634 2760 687 ullo
2790 632 2953 687 modo
2983 632 3234 688 scientiae
3268 646 3491 701 compa-

1917 734 2097 779 ratum
2117 732 2226 778 est.

1985 816 2075 870 75.
2102 815 2238 881 Quis
2293 815 2399 870 nisi
2443 816 2555 870 alto
2597 823 2825 885 pectore
2874 814 3123 869 divinum
3177 828 3491 867 sermonem

1918 907 2367 963 contubernalem
2398 908 2626 971 habens,
2665 907 3038 961 invisibilibus
3077 907 3386 960 daemonum
3431 905 3492 958 in

1919 1014 2020 1054 nos
2052 998 2420 1054 simulationis
2467 1008 2626 1055 caute
2670 999 2856 1054 vitatis
2908 998 3069 1057 dolis,
3116 1013 3217 1068 per
3258 1013 3321 1052 se
3370 996 3491 1067 ipse

1920 1089 2393 1161 singularissimus
2459 1099 2604 1146 stare
2660 1094 2887 1161 poterit,
2938 1091 3073 1161 quin
3119 1089 3217 1143 ulli
3256 1088 3492 1142 commi-

1922 1190 2161 1246 sceatur,
2189 1183 2565 1252 templumque
2600 1184 2816 1238 Domini
2846 1184 3020 1238 instar
3040 1179 3224 1252 magni
3248 1179 3491 1234 Zoroba-

1922 1273 2009 1328 bel
2041 1281 2096 1327 et
2123 1272 2253 1329 Jesu
2273 1284 2327 1329 et
2351 1274 2552 1328 ducum
2577 1274 2903 1328 familiarum
2925 1286 3207 1329 exstruere
3231 1290 3246 1339 ;
3287 1274 3378 1342 qui
3410 1272 3493 1325 di-

1923 1372 2068 1419 serte
2097 1378 2291 1434 magna
2324 1378 2458 1420 voce
2494 1365 2880 1420 seductoribus
2916 1364 3199 1434 spiritibus
3219 1362 3495 1432 superbiae

1925 1454 2211 1524 inanisque
2237 1455 2419 1525 gloriae
2443 1464 2497 1509 et
2529 1455 2913 1510 assentationis
2944 1467 3007 1507 ac
3054 1453 3359 1523 hypocrisis
3409 1452 3498 1505 ὀίω

1925 1554 2051 1599 cant
2078 1563 2091 1598 :
2122 1545 2241 1600 Non
2263 1554 2338 1600 est
2362 1546 2505 1600 nobis
2522 1555 2569 1600 et
2592 1547 2730 1601 vobis
2752 1545 3017 1613 (edi/icere
3040 1547 3252 1598 domum
3270 1543 3496 1599 Domino

1926 1633 2032 1689 Deo
2063 1642 2242 1689 nostro
2272 1650 2293 1690 :
2322 1650 2414 1689 nos
2442 1638 2581 1689 enim
2609 1634 2710 1690 soli
2755 1635 3132 1704 a’diﬁcabimus
3160 1634 3385 1688 Domino
3413 1632 3497 1688 Is-

1928 1725 2043 1781 rael
2071 1725 2116 1758 "
2149 1742 2165 1791 ;
2191 1724 2280 1779 cui
2310 1740 2506 1795 nempe
2535 1727 2874 1795 exploratum
2899 1728 2990 1785 sit,
3015 1726 3211 1779 horum
3240 1724 3499 1779 mistiono

1926 1826 1983 1873 et
2026 1816 2360 1872 commercio
2386 1816 2679 1871 aediﬁcium
2736 1832 2899 1873 omne
2943 1818 3128 1888 perire
3183 1826 3240 1871 et
3275 1817 3494 1881 everti,

242 1903 321 1968 ὡς
367 1906 403 1975 ή
448 1880 655 1958 τούτων
687 1900 959 1973 ἐπιμιξία,
991 1904 1090 1968 τῆς
1113 1900 1243 1968 ὅλης
1273 1897 1562 1966 οἰκοδομῆς
1593 1896 1826 1948 ποιεῖται

1929 1907 2353 1977 divinorumque
2409 1907 2765 1963 donariorum
2829 1907 3048 1963 decoris
3110 1908 3345 1977 gratiam
3404 1921 3497 1961 au-

244 1996 455 2068 φθοράν
486 1996 578 2049 καὶ
608 1995 948 2065 καθαίρεσιν,
972 1994 1069 2047 καὶ
1090 1992 1224 2063 συλᾷ
1250 1993 1351 2061 τῆς
1377 1989 1485 2043 τῶν
1505 1988 1664 2043 θείων
1691 1988 1825 2041 ἀνα-

244 2086 508 2158 θημάτων
537 2087 867 2158 εὐπρεπείας
899 2086 997 2156 τὴν
1027 2083 1207 2156 χάριν.

318 2184 426 2243 og’.
461 2177 652 2237 Οὐδεὶς
682 2176 905 2230 δύναταί
931 2192 1055 2230 τινα
1080 2173 1190 2228 τῶν
1217 2173 1526 2245 εἰρημένων
1553 2166 1829 2239 δαιμόνων

244 2271 392 2342 ῑχων
424 2270 529 2341 τὴν
570 2267 772 2341 ἀρετὴν
806 2266 1343 2340 συμμετερχὸμενον,
1375 2263 1579 2334 ταύτην
1610 2261 1689 2332 τῷ
1712 2262 1830 2314 Κυ-

253 2360 354 2431 ρίῳ
380 2358 766 2429 οἰκοδομῆσαι·
816 2358 875 2410 οὑ
907 2354 1015 2428 γὰρ
1044 2356 1161 2424 ἔχει
1188 2353 1282 2407 τὸν
1308 2353 1444 2405 Θεὸν
1472 2351 1580 2406 τῶν
1606 2349 1829 2419 γινομέ-

250 2470 359 2505 νων
387 2451 540 2516 τέλος
565 2490 581 2515 ,
627 2450 687 2503 ὃν
720 2448 990 2518 θεώμενος
1019 2446 1230 2516 ταύτην
1259 2444 1515 2510 διέξεισιν
1538 2459 1551 2472 °
1604 2442 1739 2496 ἀλλά
1768 2439 1831 2494 τὸ

255 2541 447 2607 πάθος,
479 2542 617 2614 ὅπερ
642 2541 729 2594 διὰ
754 2539 958 2611 ταύτης
991 2537 1329 2607 συνίστησιν.

323 2716 421 2781 οζι
449 2716 513 2770 Oi
545 2716 663 2770 κατ’
687 2712 920 2783 ἔλλειψιν
944 2712 1144 2785 ἀρετῆς
1172 2710 1557 2781 πολεμοῦντες,
1578 2706 1834 2778 δαίμονές

260 2807 429 2874 ῑίσιν,
481 2807 530 2860 οἱ
579 2806 838 2879 πορνείαν
884 2805 982 2858 καὶ
1008 2804 1213 2875 μέθην,
1264 2802 1632 2874 φιλαργυρίαν
1653 2818 1713 2853 τε
1740 2801 1836 2856 καὶ

256 2900 452 2969 φθόνον
480 2899 824 2962 διδάσκοντες
841 2915 854 2928 ·
888 2899 941 2951 ot
966 2899 1023 2952 δὲ
1052 2898 1175 2952 καθ’
1201 2897 1510 2969 ὑπερϐολὴν
1538 2896 1836 2967 πολεμοῦν·-

257 3009 349 3051 τες
374 3030 390 3056 ,
446 2991 582 3044 είσὶν
623 2991 675 3043 οί
734 2990 835 3061 τὴν
885 2990 1061 3060 οἴησιν
1117 2987 1210 3042 καὶ
1260 2987 1361 3059 τὴν
1408 2987 1714 3054 κενοδοξίαν
1740 2987 1837 3041 καὶ

259 3082 358 3155 τὴν
406 3083 781 3155 ὑπερηφανίαν
834 3082 1203 3146 διδάσκοντες,
1250 3082 1346 3135 καὶ
1378 3080 1467 3134 διὰ
1513 3080 1622 3133 τῶν
1648 3081 1837 3148 δεξιῶν

258 3176 372 3238 τοῖς
400 3175 715 3246 ἀριστεροῖς
742 3172 1237 3243 ἐπικεκρυμμένως
1265 3172 1647 3244 ἐμπείροντες.

327 3310 430 3377 οη’.
465 3305 592 3359 Εἴθε
623 3305 838 3375 γένοιτο
866 3304 962 3357 καὶ
990 3305 1136 3374 ἡμᾶς
1162 3303 1251 3357 ἀεὶ
1277 3303 1458 3373 λέγειν
1478 3305 1592 3366 τοῖς
1621 3305 1679 3357 ἐν
1705 3303 1837 3357 πλά-

263 3414 428 3468 σματι
478 3398 664 3467 φιλίας
711 3397 1089 3467 πνευματικῆς
1138 3397 1387 3466 ἀοράτως
1431 3394 1836 3466 προσϐάλλουσι

262 3490 535 3559 πνεύμασι
565 3492 664 3561 τῆς
703 3487 987 3559 πονηρίας,
1017 3488 1114 3541 καὶ
1141 3488 1229 3540 διὰ
1254 3486 1351 3541 τοῦ
1381 3487 1589 3556 ἀγαθοῦ
1620 3487 1839 3559 λεληθό-

260 3600 368 3648 τως
385 3584 723 3653 βουλομένοις
751 3580 1193 3650 κατεργάσασθαι
1218 3580 1318 3649 τῆς
1341 3580 1615 3651 ἀμαρτίας
1638 3580 1730 3632 τὸν
1746 3579 1839 3631 θά-

263 3693 419 3731 νατον
442 3677 535 3729 καὶ
553 3675 790 3743 λέγουσι’
807 3671 1406 3742 Συνοικοδομήσομεν
1418 3670 1559 3739 ὑμῖν
1574 3670 1680 3723 τὸν
1690 3670 1840 3724 ναὸν

264 3766 344 3833 τῷ
356 3766 546 3833 Κυρίῳ
556 3765 741 3835 ὑμῶν’
759 3765 883 3832 Οὐχ
901 3762 1045 3832 ἡμῖν
1059 3762 1158 3815 καὶ
1171 3760 1314 3831 ὑμῖν
1328 3760 1433 3815 τοῦ
1451 3759 1841 3829 οἰκοδομῆσαι

266 3860 372 3914 τὸν
391 3854 567 3915 οἷκον
590 3858 785 3926 Κυρίῳ
811 3856 893 3922 τῷ
916 3853 1039 3920 Θεῷ
1067 3852 1236 3925 ’ἡμῶν
1258 3870 1274 3885 ο
1330 3851 1504 3921 ἡμεῖς
1528 3852 1638 3921 τὰρ
1666 3851 1840 3920 μόνοι

265 3952 743 4024 οίκοδομήσομεν
771 3948 851 4015 τῷ
874 3949 1070 4017 Κυρίῳ
1097 3948 1203 4002 τοῦ
1234 3946 1493 4012 Ἰσραήλ.
1522 3946 1688 3999 Μόνοι
1713 3943 1835 4014 μὲν,

265 4050 345 4102 ὃτι
370 4048 480 4101 τῶν
503 4046 624 4098 κατ’
650 4042 885 4112 ἔλλειψιν
913 4042 1015 4110 τῆς
1040 4039 1244 4110 ἀρετῆς
1271 4036 1656 4107 πολεμούντων
1685 4035 1839 4089 ὲλευ-

269 4139 596 4211 θερωθέντες
650 4134 977 4205 πνευμάτων
1000 4172 1016 4196 ,
1069 4124 1145 4184 ὧν
1176 4131 1270 4183 καὶ
1301 4129 1681 4199 ἐκϐεϐήκαμεν
1704 4166 1720 4190 ,
1775 4126 1838 4181 οὑ

269 4228 572 4301 βουλόμεθα
600 4230 723 4290 ταῖς
754 4223 1085 4297 ὑπερϐολαῖς
1109 4220 1178 4275 δι’
1199 4220 1354 4292 ὑμῶν
1378 4220 1708 4290 ἐπαρθέντες
1731 4219 1839 4274 πά-

267 4321 352 4376 λιν
380 4319 751 4391 περιπαρῆναι
775 4357 791 4383 ,
842 4318 939 4370 καὶ
966 4318 1155 4370 πεσεῖν
1182 4313 1414 4377 πτῶσιν,
1462 4310 1715 4365 τοσοῦτον
1742 4309 1841 4379 τῆς

268 4411 540 4482 προτέρας
592 4406 984 4479 χαλεπωτέραν
1010 4444 1025 4470 ,
1076 4406 1199 4458 ὅσον
1230 4404 1331 4472 τῆς
1364 4403 1463 4474 μὲν
1488 4398 1556 4474 ἦν
1580 4400 1839 4456 ἐπανόδου

1924 1997 2075 2055 ferri.

2004 2179 2093 2237 76.
2140 2179 2315 2234 Nemo
2344 2179 2441 2249 qui
2495 2178 2666 2233 ullum
2722 2176 2997 2233 dictorum
3044 2178 3354 2231 daemonum
3401 2192 3499 2231 co-

1927 2272 2093 2329 lenda
2135 2272 2343 2327 virtute
2394 2272 2706 2342 adiutorem
2759 2285 2824 2324 ac
2869 2269 3080 2325 socium
3137 2277 3333 2324 nactus
3388 2270 3497 2331 sit,

1928 2366 2161 2424 Domino
2188 2365 2461 2420 aediﬁcare
2486 2370 2697 2434 potest;
2733 2362 2936 2433 quippe
2964 2362 3060 2432 qui
3086 2361 3280 2426 Deum,
3305 2373 3500 2415 eorum

1929 2472 2052 2529 quae
2102 2456 2241 2512 ﬁunt
2294 2455 2455 2513 ﬁnem
2495 2471 2608 2510 non
2642 2455 2881 2520 habeat,
2924 2453 2982 2509 in
3035 2468 3199 2523 quem
3248 2463 3504 2522 spectans

1932 2552 2025 2607 illa
2058 2550 2426 2621 defungatur,
2472 2546 2570 2602 sed
2619 2546 2875 2602 affectum
2933 2545 3151 2617 (vitium
3189 2545 3403 2599 scilicet
3438 2559 3505 2598 ac

1930 2639 2240 2709 libidinem)
2272 2653 2434 2710 quem
2469 2638 2666 2693 collata
2720 2635 2776 2691 in
2808 2651 2930 2691 eam
2982 2650 3150 2705 Opera
3210 2634 3499 2690 substruit.

2003 2733 2091 2787 77.
2124 2731 2227 2798 Qui
2259 2745 2359 2800 per
2388 2730 2662 2785 defectum
2691 2728 2914 2782 virtutis
2945 2727 3266 2797 impugnant
3300 2725 3509 2779 daemoo

1934 2838 2053 2887 nes,
2109 2821 2166 2876 hi
2203 2828 2352 2887 sunt,
2411 2820 2507 2890 qui
2571 2816 2989 2873 fornicationem
3036 2824 3094 2872 et
3132 2816 3457 2871 ebrietatem
3485 2854 3504 2880 ,

1934 2910 2329 2978 avaritiamque
2374 2917 2433 2962 et
2479 2905 2745 2961 invidiam
2788 2905 3037 2959 docent:
3073 2905 3167 2973 qui
3220 2918 3360 2957 vero
3405 2918 3505 2972 per

1935 3014 2241 3063 excessum,
2272 2995 2366 3067 qui
2394 2996 2654 3052 tumentis
2681 2994 2852 3049 animi
2880 2994 3081 3048 fastum
3098 3002 3155 3047 et
3184 2992 3503 3054 elationem,

1938 3090 2266 3160 inanemque
2290 3088 2519 3159 gloriam
2544 3098 2601 3143 et
2629 3085 2944 3155 superbiam
2970 3100 3095 3139 cum
3125 3083 3381 3148 doceant,
3405 3097 3507 3153 per

1862 3210 1907 3270 ο
1938 3196 2002 3238 ea
2036 3197 2159 3252 qua:
2189 3182 2429 3237 secunda
2458 3188 2605 3243 sunt,
2638 3178 2878 3233 sinistris
2903 3177 3118 3231 occulte
3158 3176 3432 3231 inserunt.

2008 3314 2094 3368 78.
2154 3313 2374 3370 Utinam
2438 3327 2538 3366 nos
2594 3325 2812 3380 quoque
2870 3324 3087 3380 semper
3151 3308 3510 3379 nequissimis

1938 3401 2241 3471 spiritibus,
2292 3401 2414 3455 ﬁcta
2467 3399 2729 3470 spiritalis
2770 3400 3026 3454 amicitiae
3077 3399 3262 3469 specie
3310 3398 3507 3455 invisi-

1938 3494 2124 3549 biliter
2152 3492 2551 3556 adorientibus,
2572 3490 2810 3560 bonique
2836 3500 3101 3560 praetextu
3128 3506 3192 3546 ac
3216 3490 3510 3545 occasione

1938 3587 2150 3641 occulte
2204 3584 2411 3653 peccati
2464 3592 2695 3638 mortem
2741 3584 3083 3638 consciscere
3152 3583 3512 3638 molientibus

1939 3693 2001 3731 ac
2032 3676 2343 3732 dicentibus
2375 3692 2388 3754 ξ
2414 3674 2808 3743 ίΕάὶῇεαὸίηιιιδ
2837 3676 3095 3729 vobiscum
3126 3676 3376 3745 templum
3401 3676 3509 3729 Do-

1940 3770 2082 3822 mino
2119 3775 2309 3830 vestro,
2343 3767 2630 3821 dicamus:
2665 3766 2782 3820 Non
2813 3775 2889 3819 est
2940 3766 3083 3819 nobis
3132 3774 3179 3818 ct
3211 3766 3349 3820 vobis
3378 3767 3509 3820 mdi-

1937 3858 2103 3929 ﬁcare
2132 3860 2344 3911 domum
2385 3857 2610 3910 Domino
2646 3856 2755 3910 Deo
2805 3865 2983 3910 nostra
3016 3871 3034 3909 :
3082 3873 3175 3909 nos
3231 3859 3370 3910 enim
3412 3859 3512 3911 soli

1938 3949 2313 4018 wdiﬁcabimus
2344 3947 2567 4002 Domino
2593 3948 2780 4002 Israel.
2838 3948 2950 4003 Sci-ii
2988 3948 3233 4018 quidem,
3280 3950 3405 4018 quia
3444 3950 3511 4003 ab

1940 4042 2009 4097 iis
2057 4040 2273 4095 liberati
2330 4039 2635 4109 spiritibus,
2682 4041 2775 4109 qui
2822 4056 2920 4110 per
2966 4042 3189 4095 virtutis
3236 4041 3511 4096 defectum

1941 4129 2359 4200 impugnabant,
2392 4145 2532 4199 quos
2566 4139 2621 4184 et
2642 4129 2918 4184 evasimus
2943 4170 2957 4195 ,
2992 4131 3256 4185 nolumus
3285 4146 3383 4200 per
3414 4147 3512 4186 vos

1940 4223 2141 4277 iterum
2169 4221 2506 4276 excellentiis
2542 4222 2669 4277 elati
2700 4221 2967 4292 transﬁgi,
3017 4231 3281 4292 tantoque
3327 4224 3514 4294 priore

1943 4318 2107 4387 578
2141 4317 2391 4389 graviore
2421 4331 2550 4371 casu
2579 4332 2763 4380 ruere,
2797 4326 3003 4386 quanto
3052 4316 3121 4371 ab
3165 4316 3259 4369 illo
3287 4317 3511 4386 quidem

1944 4408 2122 4463 facilis
2164 4415 2283 4462 erat
2329 4422 2455 4475 Spes
2490 4405 2701 4460 reditus
2727 4446 2741 4469 ,
2794 4406 2998 4474 quibus
3028 4404 3099 4459 ob
3136 4404 3511 4459 inﬁrmitatem

268 4503 423 4566 ἐλπὶς
447 4501 697 4571 εὐχερὴς,
727 4496 1118 4567 συγγνωσθεῖσι
1138 4494 1227 4549 διὰ
1239 4494 1337 4566 τὴν
1352 4494 1653 4547 ἀσθένειαν·
1676 4491 1831 4563 τῇδὲ,

1945 4498 2203 4569 proclivis
2231 4497 2389 4551 venia
2439 4496 2628 4551 foret:
2664 4497 2733 4551 ab
2788 4496 2896 4551 hoc
2939 4505 3157 4561 autem,
3206 4507 3302 4551 aut
3342 4496 3514 4562 nulla,

267 4595 304 4666 ἢ
349 4595 448 4647 οὑκ
492 4592 658 4657 ἔστιν,
711 4591 745 4661 ἢ
788 4590 1053 4660 δυσχερὴς
1096 4588 1249 4641 ἔσται
1297 4587 1572 4658 μισηθεῖσι
1613 4585 1701 4638 διὰ
1739 4584 1839 4655 τὴν

270 4685 649 4755 ὑπερηφανίαν
674 4720 692 4747 ,
748 4682 846 4735 καλ⁸
880 4679 975 4735 τοῦ
1005 4680 1178 4745 δεξιοῦ
1207 4681 1553 4750 ποιουμένοις
1577 4680 1763 4751 ἕτερόν
1787 4695 1841 4732 τι

269 4774 606 4845 δεξιώτερον.
664 4773 739 4827 Οὑ
772 4772 923 4843 μόνοι
943 4772 1001 4826 δὲ
1028 4772 1214 4835 πάλιν,
1259 4772 1342 4825 ὅτι
1371 4773 1496 4834 τοὺς
1524 4771 1711 4839 ἁγίους
1735 4772 1838 4839 ἀγ-

270 4867 461 4936 γέλους
502 4865 697 4937 ἔχομεν
730 4864 837 4917 τῶν
864 4862 1045 4917 καλῶν
1073 4863 1450 4934 συλλήπτορας
1474 4878 1487 4893 ο
1547 4861 1745 4931 μᾶλλον
1782 4863 1841 4915 δὲ

270 4958 362 5011 τὸν
403 4957 535 5010 Θεὸν
571 4956 735 5010 αὑτὸν
756 4997 771 5022 ,
824 4956 959 5024 ἡμῖν
998 4953 1190 5007 ἐαυτὸν
1218 4952 1585 5025 ἐμφανίζοντα
1618 4952 1705 5004 διά
1732 4951 1841 5005 τῶν

271 5047 448 5120 ἔργων
474 5047 573 5117 τῆς
596 5044 944 5115 δικαιοσύνης
963 5086 979 5110 ,
1035 5044 1131 5097 καὶ
1157 5045 1305 5114 ἡμᾶς
1329 5043 1508 5113 ἐαυτῷ
1525 5044 1663 5096 ¹ναὸν
1685 5043 1842 5113 ἅγιον

270 5133 676 5203 οἰκοδομοῦντα,
709 5133 801 5187 καὶ
824 5133 1028 5195 παντὸς
1056 5132 1260 5195 πάθους
1290 5130 1591 5203 ἐλεύθερον.

341 5268 440 5322 οθ’.
487 5268 713 5339 ’Δρετῆς
744 5268 867 5339 ὄρος
894 5268 1041 5321 ἐστὶν
1065 5307 1082 5333 ,
1116 5269 1151 5338 ἡ
1180 5268 1280 5337 τῆς
1306 5266 1653 5338 ἀνθρωπίνης
1679 5269 1842 5322 ἀσθε-

273 5362 419 5425 νείας
449 5362 568 5413 κατ’
590 5360 883 5428 ἐπίγνωσιν
912 5361 1051 5430 πρὸς
1077 5361 1176 5429 τὴν
1200 5360 1350 5414 θείαν
1370 5360 1600 5430 δύναμιν
1622 5362 1841 5427 ἓνωσις.

283 5454 344 5506 '0
384 5453 563 5506 τοίνυν
605 5453 795 5505 ἐαυτὸν
839 5455 907 5524 τῇ
936 5451 1189 5522 ἀσθενείᾳ
1218 5452 1575 5523 περιγράφων
1608 5455 1706 5524 τῆς
1738 5456 1844 5526 φύ-

271 5562 410 5607 σεως
438 5584 455 5610 ,
512 5546 647 5615 πρὸς
674 5547 763 5599 τὸν
790 5545 915 5617 ὅρον
946 5545 1045 5599 οὑκ
1068 5541 1198 5617 ἦλθε
1226 5545 1326 5616 τῆς
1352 5546 1553 5617 ἀρετῆς
1570 5563 1582 5576 ’
1633 5549 1727 5602 καὶ
1754 5548 1844 5603 διὰ

343 5702 388 5732 ’⁷
426 5700 495 5753 ιιι
526 5699 682 5754 Esdr.
711 5717 763 5764 ν,
792 5700 880 5753 7i.

341 5817 364 5843 “
392 5815 475 5873 Ci.
507 5816 572 5870 ad
602 5816 843 5871 Tlialass.
877 5831 930 5889 q.
963 5815 1047 5870 56.

1945 4600 2041 4646 aut
2062 4606 2223 4659 quam
2246 4589 2480 4644 dilIicilis
2505 4589 2631 4653 erit,
2661 4604 2799 4658 quos
2823 4588 3080 4657 superbia
3101 4602 3297 4643 exosos
3327 4587 3512 4650 faciat,

1946 4698 2011 4737 ac
2061 4682 2155 4751 qui
2202 4696 2270 4736 eo
2312 4680 2456 4750 quod
2511 4681 2763 4735 dextrum
2805 4689 2926 4743 est,
2977 4679 3125 4733 aliud
3175 4678 3306 4749 quid
3343 4696 3518 4748 ["3ng

1948 4774 2205 4830 dextrum
2246 4788 2663 4843 praesumamus.
2712 4774 2923 4827 Rursus
2959 4780 3144 4826 autem
3199 4788 3307 4826 non
3362 4774 3458 4826 soli

1946 4864 2093 4933 quod
2130 4872 2347 4919 sanctos
2389 4864 2612 4933 angelos
2666 4863 2936 4917 bonorum
2983 4862 3265 4933 adjutores
3311 4863 3517 4918 habea-

1948 4953 2265 5022 mus;quin
2291 4953 2398 5006 imo
2443 4952 2621 5022 ipsum
2658 4952 2851 5016 Deum,
2876 4967 2975 5021 per
3006 4952 3231 5022 iustitiae
3259 4967 3421 5022 opera
3456 4969 3518 5007 se

1946 5044 2107 5098 nobis
2127 5043 2590 5105 manifestantem,
2624 5058 2833 5112 nosque
2858 5043 2961 5097 sibi
2992 5043 3047 5096 in
3096 5043 3360 5112 templum
3388 5058 3513 5099 san-

1948 5148 2117 5201 ctum,
2150 5152 2214 5191 ac
2245 5137 2395 5190 omni
2430 5152 2631 5191 vacans
2663 5137 2805 5200 labe,
2828 5136 3212 5190 aediﬁcantem.

2024 5275 2110 5329 79.
2144 5273 2375 5328 Virtutis
2404 5273 2543 5327 ratio
2573 5281 2678 5336 est,
2723 5271 3062 5327 inﬁrmitatis
3100 5273 3354 5328 humanas
3391 5289 3518 5330 cum

1949 5367 2136 5421 divina
2177 5365 2421 5435 potentia
2458 5380 2558 5433 per
2600 5364 2931 5434 agnitionem
2980 5365 3129 5420 unio.
3180 5364 3284 5431 Qui
3333 5366 3519 5434 itaque

1949 5458 2066 5526 ipse
2098 5472 2155 5512 se
2189 5466 2399 5511 na'urze
2422 5455 2739 5509 inﬁrmitate
2790 5455 3188 5510 circumscribit
3241 5455 3308 5509 ad
3340 5457 3518 5511 virtu-

1953 5548 2021 5603 tis
2049 5548 2316 5603 rationem
2351 5562 2460 5602 non
2489 5545 2672 5610 venit;
2703 5541 2936 5611 ideoque
2964 5544 3254 5615 delinquit,
3284 5543 3517 5599 necdum
