4192 6436
264 453 396 518 1297

923 435 1256 540 CAPITUM
1294 427 1716 507 QUINQUIES
1752 426 2274 535 CENTENORUhl
2317 427 2702 491 CENTURIA
2744 427 2861 489 IlI.

3377 426 3512 493 1298

996 520 1023 540 ο

258 569 368 620 τῶν
398 563 714 635 δαιμονίων,
745 561 845 616 οὐκ
872 558 1217 612 εἰσακούεται
1248 550 1707 625 προσευχόμενος,
1742 542 1844 597 οὐκ

1945 541 2132 597 nientc
2164 520 2293 612 erga
2340 558 2582 597 errorem
2623 543 2956 605 damonum,
2997 554 3102 595 nec
3146 539 3262 609 ipse
3292 543 3517 596 exaudi-

262 659 403 726 ἔχων
452 657 534 717 είς
579 647 1181 725 προσευχῆςδύναμιν,
1240 645 1341 715 τὴν
1368 642 1477 697 ἀπὸ
1505 642 1606 712 τῆς
1636 638 1845 705 πλάνης

262 749 372 801 τῶν
398 747 577 801 ἀθέων
602 745 874 799 Ἰουδαίων
900 736 1271 812 ἐπιστροφήν.
1289 736 1454 790 Ὅθεν
1476 733 1571 786 τοῦ
1591 729 1845 797 διακενῆς

262 841 668 913 προσεύχεσθαι
700 842 794 893 καὶ
821 837 1012 891 τοῦτον
1037 835 1266 903 ἀπάγων
1296 834 1324 885 ὁ
1348 830 1503 892 Θεὸς,
1541 828 1698 897 φησὶ,
1734 822 1843 876 Καὶ

264 937 350 989 σὺ
380 935 467 1004 μὴ
501 934 850 1002 προσεύχου
890 929 1026 997 περὶ
1054 925 1161 980 τοῦ
1189 923 1345 979 λαοῦ
1373 921 1612 982 τούτου,
1639 916 1735 971 καὶ
1757 913 1841 983 μὴ

264 1027 448 1091 ἀξίου
494 1026 603 1079 τοῦ
642 1022 966 1091 ἐλεηθῆναι
992 1017 1238 1084 αὐτοὺς,
1269 1015 1365 1070 και
1392 1012 1479 1084 μὴ
1507 1011 1712 1079 εὔχου,
1747 1006 1844 1060 καί

260 1118 351 1187 μὴ
386 1117 730 1184 προσέλθῃς
752 1130 856 1183 μοι
887 1111 1021 1180 περὶ
1048 1107 1250 1164 αὐτῶν
1272 1106 1361 1160 ἔτι
1383 1148 1398 1173 ,
1455 1104 1547 1158 ὅτι
1577 1103 1689 1157 οὐκ
1719 1101 1845 1153 εισ-

264 1209 625 1275 ακούσομαι.

346 1305 459 1364 πτ.
496 1296 707 1366 Πολλῆς
732 1296 901 1358 ὅντως
930 1294 1081 1348 ἐστὶν
1107 1290 1457 1361 ἀϐελτηρίας,
1488 1287 1576 1340 ἵνα
1602 1284 1677 1355 μὴ
1701 1283 1845 1350 λέγω

269 1389 703 1461 παραφροσύνης
726 1428 742 1453 ,
794 1390 862 1442 δι’
884 1390 1048 1459 εὐχῆς
1095 1385 1321 1439 δικαίων
1362 1381 1640 1449 ἐπιζητεῖν
1669 1394 1847 1445 σωτη-

272 1484 397 1551 ρ⁷αν
421 1521 438 1545 ,
498 1481 594 1535 τδν
638 1480 782 1536 κατά
825 1480 1068 1535 διάθεσιν
1103 1479 1219 1540 τοῖς
1256 1473 1521 1545 ὀλεθρίοις
1548 1471 1843 1542 ἡδόμενον·

269 1572 541 1626 κᾶκείνων
596 1570 868 1627 αίτεῖσθαι
925 1566 1275 1639 συγχώρησιν
1300 1604 1316 1630 ,
1376 1558 1458 1625 οἷς
1506 1560 1847 1630 ὲγκαυχᾶται

269 1664 391 1716 κατ’
408 1663 691 1734 ἐνέργειαν
714 1661 973 1734 προθέσει
1005 1657 1386 1728 σπιλούμενος,
1420 1654 1539 1709 δέον
1572 1652 1645 1724 μὴ
1672 1650 1847 1722 ἀργὴν

267 1758 367 1826 ἐᾷν
408 1754 656 1825 γίνεσθαι
702 1756 797 1808 καὶ
833 1753 1095 1823 ἀκίνητον
1139 1752 1235 1804 τοῦ
1270 1748 1483 1803 δικαίου
1511 1746 1611 1817 τὴν
1637 1744 1844 1813 δέησιν,

268 1849 363 1896 τλν
416 1845 620 1915 ταύτης
663 1846 953 1914 δεόμενον,
1008 1844 1166 1913 εἰπερ
1204 1840 1421 1912 ἀληθῶς
1448 1840 1564 1900 τοῖς
1592 1837 1846 1905 πονηροῖς
1875 1886 1919 1943 Β

270 1935 672 2006 ἀπεχθάνεται·
723 1936 843 1992 ἀλλ’
861 1936 1085 2008 ἐνεργὸν
1111 1937 1287 1988 ποιεῖν
1317 1933 1413 1987 καὶ
1442 1930 1690 2001 ἰσχυρὰν,
1719 1930 1843 1991 ταῖς

270 2027 500 2091 είκείαις
545 2029 769 2099 ἀρεταῖς
812 2029 1209 2101 πτερουμένην,
1259 2028 1355 2081 καὶ
1396 2025 1707 2095 φθάνουσαν
1752 2021 1848 2075 τὸν

275 2119 625 2193 συγχώρησιν
647 2121 849 2176 διδόναι
870 2122 981 2176 τῶν
1002 2120 1505 2193 πλημμεληθέντων
1527 2117 1843 2187 δυνάμενον.

348 2300 454 2355 πδ’.
508 2301 677 2356 Πολὺ
714 2302 912 2370 ίσχύει
956 2300 1064 2357 τοῦ
1095 2301 1330 2356 δικαίου
1371 2300 1410 2369 ἠ
1442 2298 1687 2366 δέησις,
1737 2297 1845 2349 εἴτε

276 2394 339 2445 ἐκ
386 2391 482 2445 τοῦ
528 2394 857 2464 ποιουμένου
884 2393 1088 2463 ταύτην
1112 2394 1321 2446 δικαίου
1341 2434 1356 2457 ,
1419 2393 1526 2444 εἴτε
1555 2390 1621 2442 ὲκ
1643 2389 1737 2442 τοῦ
1763 2387 1848 2456 γί-

276 2484 464 2537 νεσθαι
491 2486 663 2555 αὐτὴν
690 2486 1010 2555 αἰτουμένου
1041 2486 1134 2538 τὸν
1157 2485 1365 2538 δίκαιον
1389 2523 1404 2547 ,
1457 2476 1844 2553 ἐνεργουμένη.

289 2574 425 2628 Ὑπὸ
450 2577 547 2645 μὲν
573 2576 682 2649 γὰρ
705 2576 800 2632 τοῦ
822 2578 1029 2631 δικαίου
1056 2577 1446 2648 ἐνεργουμένη,
1468 2575 1681 2628 δίδωσιν
1702 2573 1849 2643 αὐτῷ

283 2668 594 2738 παρρησίαν
616 2670 753 2740 πρὸς
771 2670 867 2722 τδν
889 2670 1072 2723 δοῦναι
1094 2670 1389 2740 δυνάμενον
1408 2668 1475 2722 τά
1494 2667 1604 2720 τῶν
1624 2667 1850 2720 δικαίων

280 2760 404 2829 αίτή
413 2775 576 2829 ματα·
606 2760 713 2813 ὒπδ
733 2760 792 2813 δὲ
814 2760 908 2813 τοῦ
932 2761 1139 2831 ταύτην
1165 2759 1485 2828 αἰτουμένου
1509 2758 1600 2812 τδν
1619 2756 1845 2820 δίκαιον,

280 2850 381 2919 τῆς
406 2850 680 2920 προτέρας
704 2850 867 2903 αὑτὸν
895 2850 1196 2921 μοχθηρίας
1223 2851 1483 2919 ἀφίστησι
1508 2890 1522 2913 ,
1577 2846 1848 2920 μπαὸάλ-

279 2940 447 2994 λουσα
479 2942 615 3009 πρὸς
643 2942 847 3012 ἀρετὴν
875 2941 1024 3011 αὐτῷ
1050 2942 1149 3011 τὴν
1172 2942 1430 2995 διάθεσιν.

351 3036 455 3085 ne’.
472 3032 493 3053 ⁶
512 3031 620 3084 Τοῦ
636 3033 961 3086 ’Δποστὸλου
986 3036 1106 3103 είρη
1114 3033 1289 3098 κότος,
1309 3025 1470 3099 Ἕνῷ
1483 3031 1852 3103 ἀγαλλιᾶσθε

282 3124 491 3191 ὀλίγον
517 3122 668 3190 ἄρτι,
701 3126 755 3177 ει
799 3123 942 3178 δέον
975 3126 1106 3177 ἐστι
1151 3124 1539 3193 λυπηθέντας
1577 3123 1734 3192 ὑμᾶς
1782 3122 1851 3176 ἐν

280 3213 581 3279 ποικίλοις
614 3215 986 3284 πειρασμοῖς,
1022 3215 1137 3279 πῶς
1164 3234 1247 3280 τις
1273 3214 1611 3284 λυπούμενος
1639 3217 1695 3267 ὲν
1732 3230 1850 3267 πει-

281 3306 512 3373 ρασμοῖς
540 3304 760 3358 δύναται
789 3306 1147 3375 ἀγαλλιᾶσθαι
1172 3308 1230 3359 ὲν
1252 3299 1297 3375 ᾧ
1320 3306 1564 3359 λυπεῖται
1593 3323 1608 3372 ;

353 3489 471 3547 πς’.
503 3483 617 3554 Τὴν
638 3483 816 3556 λύπην
837 3485 1022 3556 διττὴν
1044 3481 1153 3539 οἵδε
1186 3486 1288 3553 τῆς
1314 3485 1567 3555 ἀληθείας
1596 3488 1624 3540 ό
1653 3487 1808 3554 λόγος
1832 3502 1849 3517 ·

278 3575 377 3644 τὴν
406 3575 524 3643 μὲν,
552 3577 696 3629 κατά
718 3576 898 3647 ψυχὴν
922 3579 1144 3645 ἀφανῶς
1165 3595 1181 3609 ·
1228 3579 1327 3647 τὴν
1350 3579 1429 3642 δὲ,
1455 3577 1573 3631 κατ’
1599 3577 1852 3648 αἴσθησιν

282 3665 534 3734 φανερῶς
562 3667 977 3737 συνισταμένην·
1009 3668 1103 3721 καὶ
1129 3668 1228 3738 τὴν
1261 3668 1381 3739 μὲν,
1409 3669 1531 3722 ὅλον
1555 3669 1652 3738 τῆς
1672 3669 1852 3739 ψυχῆς

279 3756 344 3807 τὸ
374 3756 537 3826 βάθος
563 3757 1097 3828 περιλαμδάνουσαν,
1133 3763 1199 3830 τῇ
1230 3762 1453 3829 μάστιγι
1481 3760 1581 3829 τῆς
1606 3760 1852 3831 συνειδή-

283 3863 419 3909 σεως
448 3846 814 3919 αίκιζδμενον·
845 3851 943 3920 τὴν
970 3850 1050 3911 δὲ,
1083 3852 1263 3904 πᾶσαν
1290 3853 1389 3923 τὴν
1418 3851 1670 3924 αἴσθησιν
1695 3870 1849 3922 περι-

281 3939 598 4012 γράφουσαν
620 3980 636 4004 ,
687 3941 768 4011 τῷ
810 3940 967 4013 βάρει
996 3942 1105 3996 τῶν
1128 3943 1390 4010 ἀλγεινῶν
1422 3944 1852 4014 συστελλομένην

280 4029 382 4097 τῆς
408 4034 641 4102 φυσικῆς
663 4033 997 4103 διαχύσεως·
1059 4035 1155 4087 καὶ
1179 4035 1280 4104 τὴν
1311 4034 1445 4104 μὲν,
1495 4038 1595 4105 τῆς
1623 4036 1742 4088 κατ’
1765 4036 1853 4088 αῖ-

283 4115 475 4183 σθησιν
503 4116 691 4189 ἡδονῆς
724 4134 739 4147 °
794 4120 895 4189 τὴν
922 4121 999 4181 δὲ,
1019 4121 1121 4188 τῆς
1152 4124 1290 4177 κατὰ
1312 4122 1489 4194 ψυχὴν
1514 4125 1851 4194 εὐφροσύνης

282 4207 434 4273 τέλος
462 4208 813 4281 ὑπάρχουσαν
836 4228 854 4243 ·
893 4213 1095 4282 μᾶλλον
1120 4216 1176 4268 δὲ
1206 4216 1305 4286 τὴν
1334 4216 1456 4285 μὲν,
1490 4216 1599 4268 τῶν
1628 4219 1745 4269 κατ’
1765 4216 1851 4270 αἵ-

286 4301 476 4371 σθησιν
515 4303 811 4374 γνωμικῶν
833 4320 850 4336 ·
900 4304 1001 4376 τὴν
1039 4306 1118 4368 δὲ,
1150 4306 1260 4359 τῶν
1295 4308 1414 4359 κατ’
1440 4307 1608 4379 αὐτὴν
1638 4309 1849 4378 συμπέ-

283 4412 471 4465 ρασμα
498 4397 647 4466 παρά
670 4398 896 4467 γνώμην
924 4398 1111 4451 παθῶν
1134 4399 1522 4468 τυγχάνουσαν.

1947 641 2055 695 tur,
2093 631 2240 701 quod
2284 631 2436 701 impii
2478 631 2652 685 Judai
2695 629 3067 703 convertendo
3109 642 3168 682 se
3202 627 3271 681 ab
3302 642 3509 693 errore,

1944 726 2123 780 nullas
2166 723 2472 795 precationi
2510 723 2657 777 vires
2693 723 2973 776 afferrent.
3014 720 3169 777 Unde
3202 730 3258 774 et
3301 720 3442 775 Deus
3484 736 3515 773 a

1942 814 2255 868 irustraneo
2297 813 2392 866 illo
2438 826 2663 881 precum
2701 810 2912 863 ambitu
2954 826 3080 865 cum
3121 824 3361 863 avocans
3387 806 3409 860 ε’
3442 807 3513 860 Tu

1945 920 2166 974 quoque,
2222 904 2422 973 inquit,
2470 901 2578 955 uoti
2619 917 2775 954 orare
2815 918 2910 970 pro
2952 900 3143 971 populo
3191 901 3304 963 hoc,
3348 908 3397 952 et
3451 916 3516 951 ne

1946 1011 2093 1065 roges
2128 1003 2185 1047 ut
2223 1010 2404 1048 eorum
2441 995 2731 1058 miserear;
2768 1010 2861 1046 nec
2896 993 3041 1046 ultra
3084 1009 3178 1062 pro
3218 996 3289 1045 eis
3324 993 3393 1045 ad
3435 1007 3515 1044 me

1946 1088 2240 1152 accesseris,
2266 1086 2391 1155 quia
2418 1102 2519 1139 non
2538 1086 2822 1139 exaudiam
2857 1086 2895 1138 ¹.

2016 1265 2103 1321 85.
2139 1266 2373 1321 Summa
2404 1280 2593 1320 revera
2628 1274 2693 1318 st:
2718 1263 2944 1319 liditatis
2979 1273 3082 1327 est,
3116 1280 3184 1317 ne
3210 1264 3386 1318 dicam
3416 1263 3516 1318 dc-

1946 1360 2186 1424 mentia,
2211 1360 2485 1429 justorum
2526 1357 2781 1427 precibus
2810 1356 3042 1410 salutem
3072 1358 3387 1424 exquirere,
3422 1357 3517 1426 qui

1946 1451 2193 1507 exitiosis
2234 1450 2400 1506 rebus
2441 1465 2505 1503 ac
2552 1464 2674 1518 qua
2715 1448 2996 1501 interitum
3045 1447 3280 1515 pariant,
3331 1449 3519 1503 animo

1946 1542 2251 1597 delectetur
2272 1560 2286 1607 ;
2311 1556 2612 1611 eorumque
2642 1539 2859 1594 veniam
2884 1548 3091 1608 petere,
3112 1537 3315 1607 quibus
3338 1540 3517 1607 rcipsa

1946 1635 2178 1689 sordens
2202 1635 2405 1689 mentis
2446 1633 2733 1703 proposito
2748 1632 3044 1703 glorietur;
3077 1646 3202 1685 cum
3226 1646 3328 1701 par
3350 1643 3515 1694 esset,

1946 1734 2007 1779 ut
2033 1725 2126 1794 qui
2157 1726 2289 1795 justi
2323 1725 2765 1795 deprecationem
2814 1723 3093 1792 implorat,
3134 1739 3244 1777 non
3287 1722 3519 1776 otiosam

1946 1824 2241 1882 motusque
2271 1824 2551 1883 expertem
2591 1829 2654 1869 ac
2689 1813 2933 1869 desidem
2976 1829 3095 1868 eam
3134 1812 3253 1868 fieri
3288 1814 3517 1874 sineret,

1947 1904 1993 1960 si
2041 1905 2202 1959 modo
2236 1920 2364 1959 vere
2394 1904 2472 1959 illi
2512 1904 2655 1958 mala
2687 1903 3079 1972 displicerent;
3107 1903 3204 1957 sed
3242 1902 3519 1957 cllieacem

1945 1996 2312 2065 validamque,
2362 1995 2604 2065 propriis
2652 1994 2823 2063 ipsius
2881 1992 3183 2047 virtutibus
3230 1993 3532 2047 subnixam

1945 2090 2225 2159 altumque
2251 2089 2524 2143 volantem
2560 2087 2834 2151 redderet,
2853 2103 3089 2156 eumque
3116 2097 3534 2156 assequentem,

1946 2180 2039 2249 qui
2067 2188 2246 2248 potest
2264 2178 2594 2232 delictorum
2619 2178 2833 2240 veniam
2860 2178 3128 2247 prabere.

2017 2286 2104 2339 84.
2148 2283 2372 2337 Multum
2413 2281 2551 2336 valet
2580 2283 2735 2351 justi
2768 2282 3085 2352 deprecatio,
3130 2284 3247 2338 sive
3286 2298 3352 2337 ex
3386 2270 3541 2352 justi.

1947 2374 2121 2445 ipsius
2153 2373 2435 2428 oﬂ'erentis
2466 2386 2721 2442 persona,
2762 2372 2877 2427 sive
2908 2372 3073 2437 illius,
3106 2375 3262 2444 cujus
3285 2375 3402 2445 ipse
3432 2388 3537 2430 ro—‘

1947 2471 2075 2532 gatu
2104 2461 2314 2514 Numen
2346 2461 2675 2529 interpellat,
2715 2460 2927 2515 efﬁcax.
2962 2461 3120 2517 Iusto
3158 2464 3307 2517 enim
3338 2463 3523 2519 efﬁca—

1949 2565 2067 2605 cem
2109 2548 2381 2611 reddenti,
2423 2547 2681 2601 ﬁdueiam
2722 2549 3053 2617 impetrandi
3104 2551 3332 2619 praebet,
3374 2556 3520 2620 apud

1948 2652 2072 2690 eum
2103 2637 2195 2705 qui
2227 2637 2501 2705 justorum
2536 2635 2834 2704 petitiones
2865 2643 3048 2705 potest
3076 2637 3353 2704 tribuere;
3393 2655 3521 2693 eum

1949 2743 2079 2781 vero
2108 2729 2201 2796 qui
2222 2727 2429 2797 justum
2465 2734 2809 2795 precatorem
2843 2726 3089 2792 adhibet,
3120 2742 3151 2782 a
3192 2728 3377 2797 priore
3417 2730 3522 2782 im-

1950 2821 2223 2891 probitate
2249 2819 2517 2890 abjungit,
2536 2819 2655 2890 ejus
2683 2817 2928 2873 animum
2949 2817 3016 2872 ad
3043 2818 3303 2875 virtutem
3331 2821 3522 2876 tradu-

1951 2923 2099 2964 cens.

2019 3002 2108 3057 85.
2158 3000 2294 3058 Cum
2326 3001 2619 3071 Apostolus
2662 2999 2858 3055 dicat:
2903 2999 2967 3055 In
3015 3016 3117 3070 quo
3171 3000 3523 3065 exsuttabitis,

1952 3096 2211 3150 modicum
2250 3112 2409 3159 nunc,
2453 3096 2498 3148 si
2547 3102 2748 3165 oportet
2777 3096 3079 3149 contristari
3123 3111 3212 3149 vos
3259 3096 3315 3148 in
3363 3097 3525 3148 variis

1876 3218 1920 3279 ε
1954 3187 2323 3241 teutaliouibus
2353 3188 2403 3251 ’ς
2441 3185 2718 3256 quomodo
2750 3187 2845 3255 qui
2901 3186 2955 3239 in
2995 3186 3392 3241 tentationibus
3428 3187 3525 3240 tri-

1952 3287 2147 3343 statur,
2197 3279 2251 3331 in
2301 3294 2368 3334 eo
2410 3278 2687 3333 exsultare
2742 3276 2915 3347 possit
2970 3277 3025 3331 in
3077 3292 3187 3346 quo
3232 3279 3520 3343 tristatur;

1952 3370 2109 3439 cujus
2137 3384 2333 3437 nempe
2357 3368 2528 3438 gratia
2558 3368 2792 3422 maret?

2022 3458 2110 3513 86.
2173 3459 2455 3529 Duplieem
2515 3458 2791 3511 tristitiam
2844 3458 2999 3512 novit
3066 3474 3195 3513 vera
3245 3457 3523 3525 doctrina;

1951 3548 2176 3605 alteram
2197 3566 2319 3619 qua
2346 3549 2399 3602 in
2430 3549 2614 3603 animo
2639 3548 2869 3603 occultis
2892 3549 3198 3605 rationibus
3219 3549 3522 3617 conﬂatur;

1951 3640 2198 3703 alteram,
2233 3654 2354 3708 qua
2379 3637 2541 3707 580
2568 3637 2624 3690 in
2668 3653 2833 3692 sensu
2871 3638 3158 3693 manifeste
3187 3639 3363 3709 posita
3397 3648 3480 3694 est
3509 3660 3521 3694 :

1953 3746 2015 3785 ac
2052 3731 2199 3785 illam
2246 3730 2490 3801 quidem,
2537 3738 2711 3783 totum
2757 3730 2923 3783 animi
2976 3731 3311 3800 profundum
3356 3748 3525 3787 occu-

1953 3840 2104 3895 pare,
2139 3824 2285 3894 quod
2326 3823 2677 3877 conscientia
2705 3824 2918 3893 flagello
2948 3826 3171 3893 vapulet
3199 3842 3213 3879 :
3254 3825 3399 3882 hanc
3424 3842 3525 3881 au-

1954 3928 2084 3982 tem,
2132 3931 2352 3972 sensum
2408 3932 2626 3971 omnem
2674 3917 3097 3981 circumvenire,
3147 3933 3313 3987 quem
3360 3934 3535 3990 grave-

1951 4008 2328 4064 molestiarum
2352 4009 2569 4077 pondus
2602 4023 2631 4063 a
2656 4009 2890 4063 naturali
2918 4009 3209 4064 ditiusione
3240 4022 3522 4075 coerceat;

1952 4103 2210 4171 illamque
2231 4101 2369 4155 adeo
2388 4102 2685 4170 voluptatis
2718 4117 2932 4165 sensus,
2958 4102 3096 4155 hanc
3120 4103 3322 4158 latitia
3353 4105 3523 4158 animi

1954 4193 2117 4247 tinem
2138 4193 2403 4247 exsistere
2431 4211 2442 4244 :
2474 4194 2606 4261 quin
2647 4194 2849 4262 potius,
2891 4194 3038 4248 illam
3070 4196 3293 4264 quidem
3330 4212 3527 4251 sensus

1952 4284 2246 4339 affectuum
2283 4300 2349 4339 ex
2382 4285 2695 4350 voluntate;
2747 4285 2888 4339 lianc
2924 4296 3129 4349 autem,
3169 4302 3361 4341 eorum
3404 4304 3525 4357 qua:

1953 4384 2151 4446 prater
2182 4376 2522 4432 voluntatem
2560 4392 2736 4446 eaque
2769 4378 2941 4432 invita
2979 4378 3057 4431 illi
3094 4379 3370 4447 accidunt,
3401 4398 3543 4436 esse.

1952 4469 2267 4523 terminum.

352 4574 460 4639 πζ’.
500 4577 659 4647 Δύπη
691 4578 809 4629 ἐστὶ
830 4618 846 4639 ,
893 4579 1013 4630 κατ’
1036 4577 1136 4648 ἐμὲ
1166 4578 1351 4647 φάναι,
1385 4578 1625 4644 διάθεσις
1648 4582 1850 4653 ἡδονῶν

2025 4561 2113 4615 87.
2140 4560 2386 4615 Tristitia
2412 4571 2497 4617 est
2520 4561 2688 4632 (quod
2719 4563 2941 4632 quidem
2971 4564 3249 4636 existimo)
3284 4564 3518 4634 disposi‘

282 4669 620 4739 ἑστερημένη
638 4685 653 4699 ·
691 4671 945 4739 στέρησις
971 4669 1029 4722 δὲ
1058 4670 1397 4740 καθέστηκεν
1420 4672 1643 4743 ἡδονῶν,
1674 4675 1849 4728 πόνων

280 4760 545 4827 ἐπαγωγή
569 4775 583 4790 ·
637 4761 799 4821 πόνος
822 4761 879 4813 δὲ
910 4759 1096 4829 σαφῶς
1121 4762 1261 4824 ἐστι,
1310 4764 1545 4833 φυσικῆς
1575 4764 1741 4829 ἕξεως
1766 4766 1851 4819 ξλ-

281 4842 457 4911 λειψις
507 4845 541 4914 ἢ
594 4845 983 4917 ὑποχώρησις·
1042 4849 1279 4921 ἔλλειψις
1318 4853 1375 4905 δὲ
1427 4859 1659 4926 φυσικῆς
1703 4858 1849 4910 ἐστιν

280 4932 451 4998 ἕξεως
471 4975 487 5000 ,
546 4936 719 4999 πάθος
765 4940 863 5007 τῆς
892 4938 1037 4994 κατά
1061 4941 1224 5008 φύσιν
1252 4944 1616 5015 ὑποκειμένης
1644 4949 1710 5017 τῇ
1737 4948 1848 5012 ἔξει

280 5026 585 5094 δυνάμεως.
620 5028 695 5081 Τὸ
719 5030 774 5081 δὲ
801 5030 970 5095 πάθος
998 5032 1099 5102 τῆς
1125 5035 1266 5087 κατά
1290 5037 1450 5103 φύσιν
1482 5038 1849 5109 ὑποκειμένης

280 5120 346 5188 τῇ
394 5117 505 5183 ἕξει
548 5119 829 5189 δυνάμεώς
866 5123 1047 5189 ἐστιν,
1106 5126 1135 5177 ό
1165 5125 1306 5179 κατά
1354 5127 1452 5199 τὴν
1501 5131 1848 5200 παράχρησιν

280 5211 380 5279 τῆς
418 5212 652 5281 φυσικῆς
681 5212 960 5283 ἐνεργείας
994 5214 1197 5284 τρόπος
1219 5232 1235 5247 ·
1294 5220 1636 5291 παραχρησις
1664 5221 1719 5273 δὲ
1753 5220 1847 5274 τοῦ

282 5304 401 5353 κατ’
426 5302 703 5373 ἐνέργειαν
725 5305 927 5374 τρόπου
959 5306 1317 5378 καθέστηκεν,
1346 5311 1379 5379 ἡ
1412 5310 1547 5379 πρὸς
1570 5312 1630 5363 τὸ
1660 5311 1734 5382 μὴ
1758 5330 1849 5365 πε-

282 5392 453 5459 φυκὸς
480 5393 624 5446 κατὰ
650 5394 812 5462 φύσιν
838 5397 930 5448 καὶ
953 5395 1317 5466 ὑφιστάμενον
1341 5397 1412 5468 (Β)
1442 5399 1542 5468 τῆς
1569 5398 1850 5471 δυνάμεως

282 5482 514 5551 κίνησις.

358 5637 372 5665 ’
404 5636 603 5692 Jerem.
641 5656 734 5703 vn,
779 5641 865 5695 l6.
919 5644 968 5696 Ἰ
992 5643 1135 5697 Petr.
1175 5660 1211 5707 ι,
1241 5645 1292 5698 6.

352 5752 370 5768 ‘
404 5750 486 5806 Cf.
514 5753 580 5806 ad
608 5753 853 5812 Thalass.
878 5773 933 5827 q.
963 5758 1049 5813 58.

1958 4653 2033 4707 tio
2067 4652 2236 4707 animi
2269 4669 2366 4707 seu
2408 4654 2625 4709 affectio
2656 4654 3031 4723 voluptatibus
3061 4670 3275 4710 carens.
3318 4656 3521 4710 Harum

1956 4754 2139 4800 autem
2167 4746 2422 4815 privatio,
2454 4747 2702 4802 laborum
2730 4747 2959 4802 inflictio
2980 4755 3082 4803 est.
3112 4748 3292 4804 Labor
3314 4758 3519 4812 autem,

1948 4839 2215 4893 naturalis
2250 4839 2470 4893 habitus
2498 4840 2675 4908 palam
2714 4839 2983 4905 defectus,
3014 4857 3110 4895 seu
3137 4840 3435 4896 subductio
3458 4859 3523 4896 ac

1951 4945 2200 4985 recessus
2233 4939 2337 4985 est.
2382 4930 2637 4985 Defectus
2665 4941 2852 4985 autem
2882 4940 2937 4986 et
2974 4932 3223 4987 absentia
3256 4933 3522 4987 naturalis

1954 5021 2197 5087 habitus,
2235 5023 2416 5091 passio
2455 5032 2537 5077 est
2577 5030 2633 5077 et
2674 5023 2827 5077 labes
2865 5040 2960 5077 seu
3002 5024 3270 5094 agritudo
3298 5025 3419 5095 ejus
3444 5025 3522 5079 fa-

1953 5114 2195 5179 cultatis,
2236 5130 2358 5183 qua
2396 5124 2594 5170 natura
2642 5116 2854 5171 babitui
2896 5117 3139 5187 subjecta
3181 5126 3285 5172 est.
3334 5118 3523 5172 Passio

1952 5214 2134 5260 autem
2166 5218 2222 5261 et
2262 5206 2415 5262 labes
2459 5223 2553 5262 seu
2600 5208 2865 5279 agritudo
2908 5210 3027 5279 ejus
3074 5210 3371 5273 facultatis,
3400 5220 3521 5277 qua:

1953 5309 2147 5354 natura
2176 5301 2391 5356 hamtui
2432 5302 2675 5371 subjecta
2706 5311 2809 5366 est,
2843 5303 3039 5357 modus
3062 5312 3145 5357 est
3169 5320 3265 5372 per
3290 5302 3519 5357 abusum

1948 5394 2214 5448 naturalis
2247 5395 2601 5463 operationis.
2658 5396 2827 5449 Porro
2882 5396 3090 5449 abusus
3129 5394 3273 5448 modi
3320 5410 3519 5463 opera.

1949 5488 2136 5550 tionis,
2164 5496 2346 5542 motus
2372 5496 2455 5542 est
2486 5486 2785 5549 facultatis,
2830 5487 2881 5541 in
2918 5487 2969 5540 id
3005 5486 3151 5556 quod
3186 5498 3379 5540 natura
3417 5486 3520 5539 mi-

1949 5580 2095 5634 nime
2130 5589 2503 5649 comparatum
2528 5588 2628 5641 est,
2662 5595 2842 5648 neque
2884 5594 3008 5632 vero
3043 5588 3147 5631 est.

357 5867 428 5937 (μέ)
469 5869 699 5938 Ἦπρὸς
746 5871 808 5925 τὸ
851 5872 938 5942 μὴ
991 5874 1257 5942 πεφυκὸς
1306 5876 1452 5928 κατὰ
1497 5876 1682 5944 ¹φύσιν
1743 5877 1836 5930 καὶ

1945 5877 2303 5945 κατήμενον.
2341 5874 2509 5931 Motus
2577 5875 2843 5946 facultatis
2912 5877 2965 5929 in
3018 5876 3073 5930 id
3105 5874 3242 5946 quod
3285 5889 3386 5926 non
3442 5878 3512 5925 est
