4192 6436
704 407 840 475 1299

1866 420 1927 479 S.
1967 421 2252 482 MAXIM]
2294 424 2802 487 CONFESSUBIS

3848 423 3981 487 tam

771 518 861 574 88.
895 519 1079 577 Animi
1112 522 1395 579 tristitiam
1426 524 1592 581 linem
1643 541 1773 584 esse
1793 528 1932 586 dicit
1955 533 2079 603 ejus
2114 533 2268 588 volu-

2453 545 2565 608 πη’.
2621 538 2735 609 Τὴν
2767 539 2908 594 κατὰ
2934 538 3115 612 ψυχὴν
3140 538 3320 611 λύπην
3347 540 3499 606 τέλος
3527 535 3675 595 εἶναί
3710 557 3851 610 φησι
3883 538 3981 609 τῆς

699 610 870 679 ptatis
898 627 1022 679 qua:
1049 613 1104 668 in
1138 629 1303 670 sensu
1334 616 1513 687 posita
1531 627 1616 674 est
1651 636 1666 672 :
1699 635 1769 675 ex
1801 620 1907 677 hac
1943 622 2091 678 enim
2111 623 2268 678 aninn

2388 628 2513 682 κατ’
2537 629 2793 700 αίσθησιν
2840 610 3081 702 ἡδονῆςοή
3135 633 3203 686 ἑκ
3242 610 3354 704 γὰρ
3403 633 3612 702 ταύτης
3655 631 3982 685 συνίσταται

699 700 928 757 tristitia
957 704 1276 775 consurgit;
1314 707 1394 763 uti
1433 708 1592 779 plane
1625 714 1793 765 etiam
1818 709 1990 769 animi
2027 715 2281 785 volupta-

701 788 774 842 tis
797 788 941 851 ﬁnis,
972 792 1157 847 carnis
1185 795 1412 851 tristitia
1450 812 1548 852 seu
1585 798 1745 854 dolor
1773 810 1880 857 est.
1912 802 2096 858 Animi
2129 804 2280 859 enim

699 876 913 942 laetitia,
938 881 1122 936 carnis
1144 898 1306 953 pa'na
1335 887 1570 941 exsistit.

770 970 859 1023 89.
890 971 1178 1041 Duplicem
1210 977 1512 1044 tristitiam,
1549 994 1647 1033 seu
1673 979 1925 1037 dolorem
1947 997 2071 1039 esse
2102 983 2277 1051 dicit;

698 1075 895 1117 sensus
918 1064 1206 1133 nimirum,
1242 1084 1434 1123 earum
1456 1070 1803 1143 voluptatum
1842 1073 2116 1142 absentia,
2149 1078 2275 1148 qui-

697 1152 804 1210 l:us
828 1172 1029 1227 corpus
1060 1159 1403 1228 oblectatur;
1425 1171 1593 1233 atque
1619 1166 1814 1231 animi,
1844 1165 2069 1221 illorum
2098 1167 2278 1224 bono-

694 1261 819 1300 rum
842 1249 1090 1304 carentia
1118 1266 1240 1320 quae
1269 1251 1417 1307 illius
1441 1253 1664 1324 propria
1696 1264 1845 1312 sunt.
1875 1255 1984 1312 Sed
2020 1266 2078 1313 et
2096 1258 2279 1331 dupli-

693 1354 790 1393 res
847 1356 968 1395 esse
1026 1341 1104 1396 ait
1170 1345 1527 1411 tentationes,
1595 1347 1755 1413 alias,
1817 1364 1942 1419 qua:
1997 1366 2277 1422 propensa

691 1431 1014 1497 voluntate;
1045 1433 1201 1497 alias,
1227 1450 1349 1505 qua:
1391 1436 1485 1491 illa
1514 1436 1687 1492 invita
1723 1441 2005 1496 accidunt.
2042 1443 2124 1498 Ac
2147 1443 2274 1512 qui-

691 1521 819 1574 dem
847 1536 972 1591 qua:
1014 1539 1292 1594 propensa
1336 1528 1603 1582 eveniunt
1631 1529 1937 1594 voluntate,
1968 1533 2275 1602 corporalis

690 1630 891 1669 sensus
912 1617 1211 1686 voluptatis
1240 1632 1361 1673 esse
1391 1628 1669 1689 parentes.
1713 1622 1997 1693 animique
2035 1624 2274 1682 tristitiae

689 1720 791 1760 seu
823 1706 1036 1762 doloris
1053 1718 1309 1765 auctores
1340 1709 1575 1783 (peccati
1609 1712 1761 1768 enim
1792 1714 2058 1770 duntaxat
2086 1727 2272 1772 reatus

689 1794 884 1851 dolore
911 1797 1195 1853 excruciat
1231 1799 1500 1871 animum)
1530 1819 1543 1856 :
1585 1818 1709 1873 qua:
1737 1813 1923 1860 autem
1944 1805 2040 1859 illa
2074 1805 2268 1869 invita,

2383 716 2530 786 λύπη
2556 718 2736 788 ψυχῆς
2763 733 2777 747 ·
2814 718 3006 792 ῶσπερ
3028 714 3125 775 οὖν
3156 720 3253 774 καὶ
3281 722 3384 792 τῆς
3410 724 3552 777 κατὰ
3572 722 3761 791 ψυχὴν
3783 720 3980 789 homo];

2380 808 2534 873 τέλος
2557 810 2709 864 ἐστὶν
2739 813 2774 884 η
2801 813 2948 866 κατὰ
2973 813 3155 884 σάρκα
3180 813 3327 884 λύπη
3356 832 3372 847 ·
3425 814 3611 886 ψυχῆς
3630 812 3750 885 γὰρ
3773 814 3981 883 εὐφρο-

2382 900 2519 971 σύνη
2551 902 2757 974 σαρκὸς
2781 903 2996 972 γίνεται
3025 905 3248 970 κόλασις
3269 906 3381 977 (σα.
3411 906 3507 961 illa
3528 906 3625 969 58,
3649 904 3858 975 λύπη).

2462 992 2573 1047 πθ’.
2627 995 2830 1067 Διττὴν
2858 996 2958 1069 τὴν
2983 996 3162 1068 λύπην
3192 997 3375 1067 λέγει·
3425 998 3527 1070 τὴν
3557 999 3684 1069 μὲν,
3720 999 3860 1069 περὶ
3885 994 3981 1065 τὴν

2379 1083 2676 1154 αίσθησιν,
2735 1086 2880 1142 κατὰ
2931 1089 3192 1160 στέρησιν
3238 1090 3351 1144 τῶν
3391 1090 3732 1160 σωματικῶν
3776 1090 3982 1160 ἡδονῶν

2380 1180 2802 1251 συνισταμένην·
2837 1181 2938 1251 τὴν
2962 1183 3041 1245 δὲ,
3070 1186 3202 1254 περὶ
3223 1183 3371 1247 νοῦν,
3400 1186 3547 1237 κατὰ
3570 1183 3848 1253 στέρησιν
3876 1181 3982 1235 τῶν

2376 1270 2477 1338 τῆς
2503 1269 2687 1341 ψυχῆς
2734 1271 2961 1340 ἀγαθῶν
2988 1274 3304 1345 γινομένην.
3358 1276 3585 1329 Διττοὺς
3608 1274 3667 1327 δὲ
3699 1273 3859 1340 λέγει
3893 1274 3985 1325 καὶ

2375 1360 2503 1422 τοὺς
2528 1362 2893 1432 πειρασμοὺς,
2920 1364 3048 1425 τοὺς
3074 1363 3196 1433 μὲν,
3220 1365 3525 1428 ἑκουσίους·
3555 1364 3686 1426 τους
3710 1362 3791 1425 δὲ,
3818 1363 3982 1415 ἁκου·

2377 1453 2551 1516 σίους.
2613 1455 2725 1507 Καὶ
2757 1456 2886 1517 τοὺς
2921 1456 3020 1526 μὲν
3042 1495 3058 1520 ,
3104 1456 3409 1520 ἑκουσίους,
3443 1457 3545 1526 τῆς
3574 1455 3700 1509 κατ’
3726 1455 3985 1525 αἴσθησιν

2377 1545 2698 1615 σωματικῆς
2723 1544 2923 1616 ἡδονῆς
2948 1542 3091 1600 εἶναι
3117 1546 3387 1617 πατέραςο
3419 1546 3524 1615 τῆς
3544 1546 3604 1599 δὲ
3630 1545 3781 1600 κατὰ
3801 1544 3984 1615 ψυχὴν

2377 1634 2554 1707 λύπης
2583 1635 2744 1708 {unus
2764 1635 2893 1707 Reg.
2916 1635 3134 1709 ὀδύνης]
3161 1632 3303 1691 εἶναι
3317 1638 3677 1710 γεννήτορας·
3709 1637 3854 1707 μόνη
3877 1637 3984 1706 γὰρ

2374 1726 2687 1798 πραχθείσα
2712 1727 2875 1781 λυπεῖ
2898 1726 3005 1799 [εᾶ.
3025 1727 3299 1802 ταπεινοῖ]
3320 1729 3421 1801 τὴν
3442 1728 3627 1799 ψυχὴν
3647 1730 3684 1799 ή
3707 1726 3981 1798 ἁμαρτία·

2371 1822 2501 1883 τοὺς
2528 1819 2575 1873 δ’
2594 1819 2886 1885 ἀκουσίους
2903 1859 2919 1883 ,
2969 1821 3170 1884 οἵτινες
3198 1821 3258 1874 ἐν
3283 1822 3398 1885 τοίς
3427 1820 3583 1891 παρὰ
3611 1818 3849 1890 γνώμην
3873 1817 3984 1870 δεί-

688 1885 857 1958 inque
891 1887 1003 1942 illis
1028 1888 1342 1959 produntur
1378 1892 1687 1959 laboribus,
1715 1896 1809 1966 qui
1844 1908 2047 1967 praeter
2078 1897 2268 1951 volun-

2375 1927 2600 1965 κνυνται
2650 1911 2855 1977 πόνοις,
2909 1913 3009 1983 τῆς
3062 1912 3163 1984 μὲν
3211 1913 3356 1967 κατὰ
3400 1885 3582 1983 ψυχὴν
3837 1906 3981 1963 εἶναι

688 1987 860 2035 tatem
882 1980 1166 2052 animique
1205 1982 1538 2038 sententiam
1577 1985 1930 2057 contingunt,
1966 1985 2269 2056 voluptatis

650 2140 655 2145 δ
687 2074 859 2129 animi
889 2084 1148 2145 parentes
1170 2090 1315 2143 esse,
1348 2076 1655 2147 corporalis
1681 2093 1816 2135 vero
1840 2094 2039 2136 sensus
2058 2079 2270 2138 doloris

686 2182 812 2223 €830
832 2176 1107 2224 auctores.

758 2256 849 2312 90.
884 2257 1366 2325 Quemadmodum
1398 2259 1679 2331 duplicem
1717 2264 2004 2320 tristitiam
2035 2280 2134 2321 seu
2171 2265 2271 2322 do-

687 2349 889 2417 lorem,
924 2352 1005 2407 uti
1040 2351 1319 2418 dicebam,
1345 2356 1503 2410 novit
1541 2354 1851 2426 Scriptura,
1877 2357 1957 2413 sic
1996 2368 2055 2414 et
2090 2358 2271 2428 dupli-

686 2455 809 2496 cem
831 2456 946 2497 non
972 2443 1149 2499 nescit
1179 2445 1546 2500 tentationum
1588 2447 1810 2501 modum
1835 2464 1850 2513 ;
1886 2448 2145 2517 alterum,
2174 2450 2271 2520 qui

682 2533 995 2602 voluntate,
1030 2535 1291 2604 alterum,
1319 2538 1414 2608 qui
1441 2549 1641 2609 przetcr
1674 2540 1824 2596 illam
1849 2541 2117 2597 consistat
2153 2558 2167 2596 :
2202 2558 2269 2598 ac

686 2627 932 2697 priorem
964 2628 1214 2698 quidem,
1239 2631 1585 2701 voluptatum
1625 2647 1748 2702 qua:
1777 2631 1935 2703 581
1974 2643 2105 2688 sunt
2142 2648 2269 2704 pre-

685 2735 860 2791 pensa
887 2721 1175 2778 voluntate
1209 2722 1476 2780 artiﬁcem
1514 2740 1669 2790 esse;
1713 2726 2079 2794 posteriorem
2107 2740 2264 2791 vero,

686 2812 912 2869 dolores
960 2828 1026 2870 ac
1078 2814 1364 2872 cruciatus
1406 2816 1497 2870 illa
1542 2817 1712 2872 invita
1757 2817 2079 2887 importare.
2135 2816 2267 2884 Quae

684 2903 837 2958 enim
859 2919 927 2960 ex
956 2905 1142 2961 animo
1174 2921 1561 2976 propensaque
1587 2908 1870 2963 voluntate
1895 2909 2129 2963 tentatio
2159 2918 2265 2972 est,

685 3004 1022 3063 spontaneas
1068 2996 1231 3068 plane
1274 2997 1461 3052 animo
1503 2999 1817 3069 voluptates
1861 2998 2096 3066 conﬁat;
2144 3015 2267 3070 qua:

685 3099 873 3142 autem
912 3104 1025 3144 non
1043 3104 1113 3145 ex
1139 3090 1325 3145 animo
1358 3092 1588 3161 ejusque
1618 3094 1918 3157 sententia,
1955 3093 2269 3147 involunta-

2374 2003 2641 2075 πατέρας
2692 2004 2795 2075 τῆς
2819 2005 2879 2059 δὲ
2908 2004 3033 2059 κατ’
3054 2004 3310 2077 αἴσθησιν
3339 2002 3666 2075 σωματικῆς
3695 2001 3882 2072 λύπης
3903 1994 3985 2053 εἴ·

2374 2113 2465 2151 ναι
2494 2097 2845 2169 γεννήτορας.

2448 2277 2520 2341 ιιο.
2556 2272 2769 2343 ’Ὠσπερ
2797 2271 2896 2344 τὴν
2916 2271 3096 2345 λύπην
3125 2273 3334 2345 διττὴν,
3367 2273 3445 2339 ὡς
3468 2271 3630 2345 ἔφην,
3660 2265 3809 2325 οἶδεν
3839 2268 3870 2321 δ
3894 2265 3985 2319 M-

2373 2379 2469 2433 γος
2488 2403 2505 2428 ,
2561 2363 2709 2418 οὕτω
2738 2364 2968 2418 καὶτῶν
2995 2364 3321 2436 τειρασμῶν
3350 2365 3528 2420 διττὸν
3556 2364 3858 2419 ἑπίσταται
3889 2357 3986 2412 τὸν

2371 2454 2610 2525 τρόπον·
2656 2455 2750 2508 τὸν
2782 2455 2904 2525 μὲν,
2937 2454 3083 2509 κατὰ
3108 2454 3367 2528 γνώμην·
3416 2454 3511 2510 τδν
3536 2454 3617 2516 δὲ,
3652 2451 3813 2524 παρὰ
3838 2446 3986 2519 γνὼ-

2377 2564 2505 2618 μην·
2532 2546 2629 2600 καὶ
2651 2548 2744 2601 τὸν
2770 2546 2892 2617 μὲν,
2917 2549 3182 2603 ἑκουσίων
3202 2548 3408 2619 ἡδονῶν
3429 2546 3795 2618 δημιουργὸν,
3814 2540 3984 2598 τίη-,δὲ

2373 2636 2645 2691 ἀκουσίων
2686 2636 2886 2691 ὀδυνῶν
2927 2638 3249 2692 ἑπακτικὸν.
3291 2638 3352 2691 '0
3407 2637 3520 2707 γὰρ
3568 2636 3717 2690 κατὰ
3747 2636 3985 2708 γνώμην

2375 2728 2686 2800 πειρασμὸς
2708 2768 2725 2793 ,
2783 2729 2884 2793 τὰς
2930 2730 3073 2784 κατὰ
3107 2729 3433 2802 προαίρεσιν
3465 2728 3754 2792 ἑκουσίους
3787 2729 3985 2796 σαφῶς

2366 2821 2680 2891 συνίστησιν
2717 2821 2938 2892 ἡδονάς.
2980 2821 3043 2875 ’0
3071 2822 3131 2876 δὲ
3172 2820 3327 2893 παρὰ
3354 2823 3586 2893 γνώμην
3612 2860 3629 2885 ,

2364 2913 2489 2977 τοὺς
2538 2915 2829 2978 ἀκουσίους
2873 2913 3029 2983 παρὰ
3077 2912 3407 2985 προαίρεσιν
3449 2912 3713 2984 ἑφίστησι
3740 2912 3979 2975 πόνους·

2365 3005 2462 3057 καὶ
2494 3005 2524 3059 ὁ
2555 3005 2676 3075 μὲν,
2709 3006 2811 3074 τῆς
2839 3004 2984 3058 κατᾶ
3004 3005 3186 3076 ψυχὴν
3204 3044 3221 3071 ,
3267 3005 3297 3058 ὁ
3323 3005 3405 3070 δὲ,
3436 3004 3538 3077 τῆς
3566 3006 3691 3059 κατ’
3713 3003 3983 3076 αἴσθησιν

2366 3092 2547 3166 λύπης
2581 3094 2923 3167 καθέστηκεν
2949 3096 3142 3159 αῐτιος.

684 3186 803 3240 rios
839 3185 1019 3256 palam
1049 3202 1115 3242 ac
1141 3187 1237 3257 qui
1279 3186 1486 3243 invitos
1518 3189 1819 3259 excipiant,
1864 3199 2089 3260 praestat
2122 3189 2382 3247 labores:
2415 3206 2482 3248 ac
2539 3190 2768 3263 quidem
2830 3191 3030 3255 altera.
3092 3190 3334 3247 tristitia
3366 3190 3581 3258 animi;
3620 3190 3826 3256 altera,
3872 3188 3983 3244 do-

683 3279 820 3335 loris
854 3296 1053 3337 sensus
1079 3291 1275 3338 auctor
1297 3282 1535 3339 exsistit.

755 3372 844 3426 9l.
871 3372 1005 3439 Qua:
1044 3389 1111 3427 ex
1144 3375 1428 3429 voluntate
1469 3374 1752 3444 animique
1778 3377 2057 3432 sententia
2086 3386 2268 3432 tenta-

2447 3380 2558 3442 L_a.'.
2604 3375 2665 3429 '0
2711 3374 2811 3443 μὲν
2861 3374 3006 3428 κατὰ
3049 3372 3280 3446 γνώμην
3308 3372 3656 3442 πειρασμὸς,
3690 3372 3798 3443 τὴν
3830 3376 3983 3431 κατὰ

684 3464 763 3517 tio
825 3474 935 3528 est,
996 3465 1166 3521 animi
1224 3467 1540 3531 tristitiam,
1602 3482 1698 3523 seu
1759 3467 2044 3534 dolorem,
2099 3469 2266 3536 facit,

685 3570 991 3625 sensusque
1045 3557 1225 3627 palam
1271 3556 1610 3627 voluptatem
1662 3558 1809 3628 parit
1855 3576 1869 3613 :
1913 3574 2037 3628 quae
2081 3569 2268 3615 autem

685 3664 796 3700 T231!
825 3665 893 3703 ex
916 3648 1201 3704 voluntate
1230 3649 1511 3720 animique
1532 3652 1828 3716 sententia,
1851 3652 2019 3706 animi
2044 3652 2265 3722 quidem

684 3739 1019 3810 voluptatis;
1056 3740 1241 3795 carnis
1270 3756 1403 3794 vero
1431 3741 1639 3796 doloris
1667 3752 1863 3797 auctor
1884 3742 2124 3798 exsistit.

756 3830 847 3886 92.
890 3831 1157 3887 Existimo
1197 3832 1494 3886 Dominum
1534 3843 1783 3888 nostrum
1816 3850 1881 3889 ac
1922 3833 2266 3901 Deum,cum

685 3923 996 3994 discipulos
1041 3938 1173 3979 suos
1218 3924 1444 3979 modum
1477 3924 1672 3979 orandi
1714 3925 1961 3992 doceret,
1995 3934 2057 3980 ut
2093 3942 2269 3997 genus

685 4016 824 4072 illud
857 4016 1225 4072 tentationum
1254 4017 1403 4087 quod
1428 4032 1496 4073 ex
1517 4018 1802 4074 voluntate
1829 4019 2113 4090 animique
2142 4033 2269 4074 sen-

686 4107 863 4162 tentia
904 4115 1011 4171 est,
1054 4107 1467 4178 deprecandum
1519 4116 1792 4173 moneret,
1830 4109 2060 4166 dicere:
2093 4109 2164 4165 Et
2200 4127 2268 4165 ne

685 4216 781 4254 nos
812 4199 1034 4254 inducas
1070 4201 1127 4254 in
1161 4202 1506 4254 tentationcm
1527 4201 1582 4267 ';
1610 4216 1721 4271 quo
1745 4201 1978 4267 scilicet,
2004 4203 2270 4259 tentatio-

684 4315 819 4357 num
857 4316 983 4372 qua:
1016 4300 1307 4356 libidinem
1338 4300 1564 4366 habent,
1594 4316 1776 4373 exque
1799 4302 1968 4358 animi
1990 4303 2266 4359 sententia

685 4405 746 4449 οι
788 4393 1119 4448 voluntaria:
1146 4401 1298 4458 sunt,
1340 4392 1651 4463 periculum
1679 4393 1889 4449 orando
1922 4409 1954 4449 a
1982 4409 2041 4450 se
2074 4394 2266 4465 procul

684 4488 1055 4542 amolirentur
1083 4504 1096 4540 :
1123 4502 1382 4557 magnum
1421 4496 1606 4543 autem
1635 4485 1923 4552 Jacobum,
1949 4502 2113 4558 quem
2151 4486 2266 4542 fra-

684 4593 828 4636 trem
872 4579 1091 4634 Domini
1118 4588 1339 4643 vocant,
1369 4587 1430 4634 ut
1460 4578 1690 4635 doceret
1722 4594 1832 4634 non
1872 4578 2079 4634 debere
2116 4577 2264 4633 veri-

2368 3466 2547 3539 ψυχὴν
2595 3465 2775 3537 λύπην
2821 3466 3137 3537 συνίστησι⁸
3197 3468 3297 3538 τὴν
3337 3464 3397 3520 δὲ
3445 3464 3567 3520 κατ’
3584 3465 3852 3537 αἴσθησιν
3876 3467 3979 3540 δη-

2372 3560 2627 3631 μιουργεῖ
2657 3556 2848 3627 σαφῶς
2873 3558 3091 3630 ἡδονήν·
3121 3559 3151 3612 ὁ
3170 3557 3228 3612 δὲ
3258 3556 3410 3630 παρᾶ
3435 3555 3686 3627 γνώμην,
3740 3558 3850 3629 τὴν
3874 3560 3981 3630 μὲν

2367 3653 2467 3720 τῆς
2510 3650 2690 3723 ψυχῆς
2736 3648 2951 3723 ⁴ἡδονὴν,
3001 3650 3102 3722 τὴν
3144 3648 3201 3703 δὲ
3250 3649 3353 3720 τῆς
3390 3647 3594 3720 σαρκὸς
3621 3645 3811 3719 λύπην
3866 3649 3978 3720 ὐφ-

2379 3743 2612 3816 ίστησιν.

2439 3835 2546 3905 ιιβν.
2600 3830 2773 3905 Οἶμαι
2820 3834 2916 3888 τὸν
2956 3833 3164 3907 Κύριον
3194 3831 3355 3907 ἡμῶν
3386 3831 3482 3887 καὶ
3509 3831 3645 3887 Θεὸν
3668 3873 3687 3899 ,
3742 3832 3871 3897 πῶς
3892 3832 3980 3886 δει

2368 3925 2774 4001 προσεύχεσθαι
2834 3926 2964 3990 τοὺς
3020 3926 3258 3990 οίκείους
3310 3924 3637 3979 διδάσκοντα
3690 3925 3976 3997 μαθητὰς,

2368 4014 2508 4091 πρὸς
2532 4018 2615 4083 τὸ,
2641 4017 2707 4073 τδ
2728 4018 2872 4073 κατὰ
2889 4017 3119 4090 γνώμην
3142 4014 3285 4082 εἶδος
3308 4016 3419 4072 τῶν
3442 4016 3772 4088 πειρασμῶν
3794 4018 3979 4072 dust}-

2366 4108 2561 4181 χεσθαι
2584 4108 2745 4182 [male
2770 4108 2936 4174 edita,
2967 4109 3065 4162 τοῦ
3089 4108 3262 4174 εἴδους
3283 4106 3674 4180 ἀπεύχεσθαι],
3706 4109 3974 4176 φάσκειν,

2366 4199 2480 4255 Καί
2513 4199 2601 4270 μὴ
2630 4199 2987 4270 εἰσενέγκῃς
3013 4198 3174 4271 ἡμᾶς
3200 4202 3290 4266 εις
3310 4199 3669 4268 πιιιιριισμόν⁸
3708 4198 3824 4252 τῶν
3850 4200 3979 4271 ἡδο·

2367 4291 2536 4348 νικῶν
2584 4290 2831 4364 δηλονότι
2877 4291 2974 4345 καὶ
3015 4290 3313 4363 γνωμικῶν
3341 4290 3439 4345 καὶ
3464 4290 3734 4345 ἑκουσίων
3764 4309 3977 4363 πειρα-

2368 4384 2544 4457 σμῶν,
2586 4385 2661 4457 μὴ
2689 4383 3193 4454 ἐγκαταλειφθῆναι
3223 4385 3424 4455 πεῖραν
3447 4382 3630 4438 λαϐεῖν
3654 4381 3930 4454 εὔχεσθαι
3955 4399 3973 4413 ’

2365 4477 2459 4533 τὸν
2483 4477 2539 4531 δὲ
2564 4468 2741 4547 μέγαν
2771 4476 3030 4531 Ἰάκωϐον
3053 4475 3149 4531 τοῦ
3165 4476 3375 4548 Κυρίου
3397 4475 3693 4545 λεγόμενον
3712 4475 3976 4545 ἀδελᾳδν,

2367 4570 2504 4641 πρὸς
2529 4568 2591 4623 τὸ
2621 4569 2729 4622 τῶν
2751 4569 3027 4624 ἀκουσίων
3052 4566 3382 4640 πειρασμῶν
3411 4562 3552 4630 εἶδος
3571 4606 3588 4630 ,
3637 4566 3977 4621 διδάσκοντα

684 4674 816 4729 tatis
836 4673 1050 4745 pugiles
1083 4672 1139 4727 id
1158 4688 1333 4744 genus
1358 4671 1727 4728 tentationum
1763 4670 2086 4737 formidare,
2112 4669 2262 4742 quod

2372 4663 2448 4734 μὴ
2472 4660 2860 4716 συστέλλεσθαι
2886 4662 3017 4724 τοὺς
3043 4660 3186 4733 ὑπὲρ
3209 4659 3472 4731 ἀληθείας
3494 4659 3975 4730 ἀγωνιζομένους.

683 4743 875 4822 invitis
901 4743 1223 4829 adhibetur,
1241 4764 1431 4819 dicere
1452 4781 1464 4817 :
1488 4762 1653 4818 Omne
1668 4763 1921 4835 gaudium
1944 4764 2264 4831 existimate,

2371 4752 2562 4824 φάναι,
2585 4750 2802 4807 Πᾶσαν
2816 4751 3015 4821 χαρὰν
3029 4750 3371 4821 ἡγήσασθε,
3387 4749 3643 4819 ἀδελφοί
3651 4767 3802 4818 μου,
3824 4749 3981 4802 ὅταν·

683 4859 884 4930 fratres
927 4857 1051 4923 mei,
1089 4874 1210 4911 cum
1237 4858 1294 4910 in
1334 4857 1651 4909 tentationes
1686 4855 1865 4910 varias
1889 4854 2180 4909 incideritis
2203 4853 2258 4922 ‘;

683 4967 884 5023 nempe
937 4949 1361 5013 involuntarias,
1400 4957 1666 5018 extraque
1701 4946 1870 5002 animi
1907 4945 2261 5011 sententiam,

682 5060 750 5102 ac
777 5060 902 5116 qua:
927 5043 1149 5099 labores
1179 5041 1471 5096 inducunt.
1501 5038 1580 5095 Ac
1607 5039 1769 5109 plane
1799 5038 1880 5095 sic
1908 5054 1969 5095 se
2011 5053 2128 5094 rem
2163 5038 2264 5093 ha-

681 5136 817 5193 bere
855 5135 1178 5200 ostendunt,
1213 5148 1338 5189 cum
1386 5131 1461 5186 ita
1505 5131 1771 5188 Dominus
1808 5133 1922 5188 illic
1958 5133 2259 5204 subjungit,

681 5227 789 5283 Sed
821 5228 985 5281 libera
1017 5243 1109 5281 nos
1132 5244 1165 5280 a
1191 5224 1334 5280 malo
1356 5224 1408 5291 ⁸;
1440 5223 1533 5279 hic
1546 5234 1731 5279 autem
1758 5238 1987 5295 magnus
2001 5223 2259 5289 Jacobus,

680 5315 917 5376 Scientes
939 5318 1064 5387 quia
1100 5316 1338 5387 probatio
1361 5323 1547 5370 vestra:
1567 5314 1691 5382 ﬁdei
1726 5316 2039 5385 patientiam
2069 5332 2259 5386 opera-

685 5414 808 5469 tur;
832 5405 1092 5475 patientia
1130 5411 1328 5467 autem,
1352 5419 1482 5473 Opus
1518 5402 1802 5473 perfectum
1828 5402 2004 5468 habet,
2065 5411 2120 5456 ut
2148 5404 2260 5458 sitis

684 5496 900 5566 perfecti
929 5503 1090 5566 atque
1116 5493 1326 5562 integri,
1356 5493 1412 5545 in
1441 5490 1587 5544 nullo
1610 5489 1904 5557 deﬁcientes
1937 5490 1975 5543 ‘.

755 5614 778 5646 ³
802 5612 992 5667 Matth.
1026 5627 1101 5677 vt,
1133 5611 1220 5665 l3.

686 5736 882 5786 natura
922 5737 1312 5797 comparatum.
1347 5740 1443 5779 seu
1500 5740 1567 5797 ex
1604 5727 1731 5797 ejus
1774 5724 2110 5797 rationibus,
2146 5739 2258 5797 _nec

685 5816 817 5852 vere
851 5808 937 5850 est.
958 5793 1052 5851 aut
1082 5798 1337 5852 conisistit
1362 5813 1374 5847 :
1396 5795 1542 5865 quod
1568 5793 1725 5863 plane
1757 5796 1958 5848 malum
1980 5811 2044 5849 ac
2064 5793 2256 5847 vitium

682 5881 786 5926 νει.
819 5868 979 5923 Picus
1017 5883 1243 5938 prorsus
1295 5868 1525 5923 barbare
1568 5876 1624 5921 et
1667 5866 2032 5937 ἁφιλοσὸφως,
2090 5873 2259 5920 motus

2369 4843 2723 4914 πειρασμοῖς
2772 4842 3138 4913 περιπέσητε
3181 4843 3485 4907 ποικίλοις
3507 4883 3523 4907 ,
3568 4840 3827 4912 δηλονότι
3858 4843 3978 4900 τοῖς

2368 4935 2648 5000 ἁκουσίοις
2681 4936 2777 4990 καὶ
2807 4934 2959 5006 παρὰ
2986 4933 3215 5005 γνώμην
3234 4974 3250 5000 ,
3309 4934 3405 4989 καὶ
3441 4932 3621 4987 πάνων
3649 4934 3974 5001 ποιητικοῖς

2369 5029 2720 5099 πειρασμοῖς.
2776 5028 2890 5082 Καὶ
2918 5026 3139 5098 δηλοῦσι
3165 5025 3383 5095 σαφῶς,
3430 5025 3549 5079 ἑκεῖ
3581 5025 3703 5095 μὲν,
3738 5024 3977 5093 ἐπάγων

2366 5121 2398 5173 ὁ
2429 5118 2664 5191 Κύριος,
2712 5118 2898 5173 Ἀλλὰ
2941 5117 3128 5187 ῥῦσαι
3174 5114 3332 5185 ἡμᾶς
3362 5114 3482 5171 ἀπὸ
3508 5113 3615 5169 τοῦ
3644 5114 3934 5184 πονηροῦ
3955 5132 3971 5146 ·

2367 5210 2603 5265 ἐνταῦθα
2656 5210 2713 5264 δὲ
2768 5210 2797 5262 ὁ
2845 5211 3019 5280 μέγας
3062 5207 3341 5272 Ἰάκωϐος,
3393 5207 3822 5273 Γινώσκοντες
3881 5206 3975 5261 ὅτι

2368 5304 2434 5357 τὸ
2457 5303 2727 5373 δοκίμιον
2753 5299 2918 5372 ὑμῶν
2941 5300 3053 5369 τῆς
3071 5302 3351 5367 πίστεως,
3381 5297 3798 5368 κατεργάζεται
3822 5301 3977 5354 ὐπο-

2363 5397 2594 5469 μονήν·
2629 5397 2667 5464 ἡ
2692 5395 2761 5451 δὲ
2792 5395 3093 5467 ὑπομονὴ,
3141 5397 3318 5464 ἔργον
3342 5393 3575 5449 τέλειον
3600 5394 3818 5463 ἐχέτω,
3872 5396 3977 5448 ἵνα

2368 5486 2472 5560 ἦτε
2501 5490 2715 5543 τέλειοι
2749 5488 2848 5543 καὶ
2881 5490 3222 5557 ὁλόκληροι,
3252 5487 3321 5540 ἐν
3344 5485 3559 5556 μηδενί
3585 5486 3971 5554 λειπόμενοι.

1300 5615 1322 5641 ⁵
1348 5609 1463 5666 Jac.
1505 5626 1542 5674 ι,
1572 5610 1627 5664 2.
1704 5609 1725 5641 ³
1755 5608 1941 5663 Matth.
1974 5625 2047 5673 vt,
2079 5609 2191 5663 15..
2239 5607 2259 5637 ⁶
2283 5608 2397 5664 Jac.
2428 5624 2466 5673 ι,
2496 5608 2549 5672 ’5,
2578 5609 2630 5664 4.

2362 5725 2650 5798 srcuudum
2683 5731 3013 5798 naturam-et
3039 5722 3382 5798 soliditatem,
3415 5718 3485 5772 ad
3536 5717 3593 5771 id
3650 5716 3802 5798 quod
3855 5735 3972 5798 μοι

2368 5805 2441 5918 εἷς
2469 5796 2735 5849 nativituti
2768 5795 3047 5849 obnoxium
3077 5810 3094 5849 :
3125 5793 3282 5865 cujus
3337 5806 3439 5846 nec
3490 5793 3819 5858 superiora,
3856 5793 3973 5860 ipsa

2368 5880 2398 5919 e
2426 5874 2609 5919 imata.
2998 5911 3005 5919 .

2368 5880 2609 5920 eumala.
