4192 6436
268 435 407 506 1301

921 440 1257 504 CAPITUM
1294 441 1717 515 QUINQUIES
1755 442 2277 507 CENTENORL‘M
2316 448 2697 511 CENTURIA
2742 452 2857 513 IlI.

3394 453 3413 518 l
3425 457 3529 520 302

335 546 445 620 id.
485 550 546 603 '0
600 548 702 623 μὲν
755 549 962 625 Κύριος
1010 552 1349 624 ἀπεύχεσθαι
1402 554 1531 619 τοὺς
1566 555 1849 620 ἑκουσίους

2030 558 2120 613 93.
2158 559 2427 616 Dominus
2449 562 2695 631 quidem,
2715 580 2811 620 eas
2840 579 2942 621 nos
2979 564 3315 621 tentationes
3336 566 3529 636 depre—

262 640 417 713 ήμάς
448 642 691 697 διδάσκει
717 645 1086 715 πειρασμοὺς,
1122 645 1199 709 ὡς
1228 644 1434 715 σαρκὸς
1461 644 1583 716 μὲν,
1613 644 1845 717 ήδονῆςο

261 734 446 806 ψυχῆς
466 734 543 797 δὲ,
593 736 909 806 ποιητικοὺς
934 735 1163 806 ὁδύνης⁶
1218 735 1248 788 6
1276 735 1334 789 δὲ
1365 734 1539 806 μέγας
1571 736 1846 803 Ἰάκωϐος,

264 826 361 881 ἐπὶ
392 828 504 889 τοῖς
523 827 799 892 ἀκουσίοις
838 828 972 899 ήμῖν
1000 830 1255 900 παραινεῖ
1274 828 1485 900 χαίρειν
1501 830 1846 900 πειρασμοῖς,

264 916 339 980 ὡς
373 917 576 989 σαρκὸς
608 918 708 989 μὲν
737 917 953 990 ἡδονήν,
985 918 1167 990 ψυχῆς
1193 918 1251 973 δὲ
1282 918 1479 991 ὀδύνην
1505 918 1848 991 ἀφαιρουμέ-

265 1027 401 1073 νοις.

340 1187 445 1255 κδ’.
490 1187 711 1253 Τέλειὸς
736 1187 913 1256 ἐστιν,
950 1189 980 1243 6
1003 1192 1115 1255 τοῖς
1144 1190 1413 1255 ἑκουσίοις
1440 1190 1509 1244 δι’
1525 1191 1851 1264 ἐγκρατείας

270 1281 582 1351 μαχόμενος
607 1318 622 1345 ,
679 1281 773 1334 καὶ
816 1284 932 1346 τοῖς
958 1283 1236 1347 ἀκουσίοις
1262 1283 1329 1337 δι’
1350 1284 1628 1356 ὑπομονῆς
1651 1287 1852 1358 ἐγκαρ-

265 1370 447 1441 τερῶν
476 1375 805 1444 πειρασμοῖς
827 1388 844 1404 ·
900 1373 996 1427 καὶ
1021 1374 1317 1447 ὁλόκληρὸς
1340 1377 1521 1443 ἐστιν,
1572 1379 1601 1433 ὁ
1631 1380 1725 1434 καὶ
1751 1381 1853 1450 τὴν

268 1464 471 1533 πρᾶξιν
506 1466 647 1535 μετὰ
673 1464 927 1534 γνώσεως
949 1508 965 1533 ,
1026 1469 1124 1522 καὶ
1152 1468 1253 1538 τὴν
1281 1468 1517 1541 Θεωρίαν
1543 1472 1643 1526 οὐκ
1674 1473 1852 1542 ἀπρα-

267 1572 398 1610 κτον
423 1556 677 1613 διανύων.

341 1742 442 1805 Ly.
486 1743 660 1811 Διηρη
671 1742 841 1813 μένης
876 1745 956 1807 είς
982 1744 1161 1815 ψυχήν
1182 1761 1241 1797 τε
1273 1746 1367 1799 καὶ
1394 1745 1648 1817 αῐσθησιν
1672 1747 1771 1819 τῆς
1791 1765 1850 1802 τε

266 1828 445 1901 λύπης
482 1833 578 1885 καὶ
606 1833 707 1903 τῆς
734 1834 929 1904 ἡδονῆς
951 1874 967 1901 ,
1020 1838 1050 1889 ὁ
1087 1836 1189 1906 τὴν
1213 1839 1313 1908 τῆς
1335 1837 1514 1907 ψυχῆς
1538 1840 1852 1909 περιποιού-

271 1938 433 1991 μενος
462 1924 656 1996 ήδονὴν
680 1964 695 1989 ,
760 1920 858 1996 τὴν
879 1926 938 1981 δὲ
967 1928 1067 1997 τῆς
1089 1928 1399 1999 αἰσθήσεως
1433 1929 1551 1999 μεθ’
1576 1932 1852 2003 ὑπομονῆς

269 2015 705 2084 καταδεχόμενος
745 2016 922 2088 λύπην
946 2057 962 2081 ,
1023 2018 1248 2088 δόκιμος
1282 2020 1490 2088 γίνεται
1524 2024 1617 2076 καὶ
1649 2023 1852 2086 τέλειος

270 2104 368 2157 καὶ
396 2106 706 2177 ὁλόκληρος·
735 2107 960 2180 δόκιμος
984 2110 1106 2177 μὲν,
1140 2111 1229 2164 διὰ
1255 2114 1355 2183 τὴν
1379 2116 1574 2185 πεῖραν
1599 2114 1709 2167 τῶν
1732 2117 1851 2168 κατ’

272 2196 528 2267 αίσθησιν
560 2198 823 2253 ὲναντίων
841 2214 856 2230 ο
915 2201 1123 2267 τέλειος
1149 2202 1229 2268 δὲ,
1265 2204 1342 2267 ὡς
1366 2208 1432 2276 τῇ
1460 2206 1581 2259 κατ’
1603 2207 1852 2277 αἴσθησιν

272 2288 435 2357 ἡδονῇ
468 2305 526 2340 τε
561 2290 657 2342 καὶ⁵
680 2290 825 2361 λύπῃ
859 2290 927 2345 δι’
955 2295 1284 2365 ἐγκρατείας
1328 2296 1424 2349 καὶ
1455 2298 1735 2371 ὑπομονῆς
1761 2302 1854 2354 ἀν-

274 2378 501 2442 ενδὸτως
529 2382 857 2452 μαχόμενος
888 2385 1180 2458 ὁλόκληρος
1203 2387 1282 2451 δὲ,
1310 2387 1388 2453 ὡς
1412 2390 1513 2454 τὰς
1538 2393 1853 2463 μαχομένας

272 2475 397 2535 ταῖς
447 2476 567 2528 κατ’
609 2475 865 2548 αἴσθησιν
914 2478 1178 2550 ἀλλήλαις
1221 2482 1627 2553 ἀντικειμέναις
1674 2486 1853 2540 διαθέ-

278 2578 428 2615 σεσιν
457 2564 599 2629 ἔξεις
621 2605 638 2630 ,
701 2567 761 2620 ὲν
787 2571 853 2639 τῇ
888 2570 1244 2641 παθερὸτητι
1275 2574 1375 2641 τῆς
1409 2578 1553 2629 κατά
1580 2576 1673 2630 τὸν
1694 2578 1853 2643 λόγον

274 2656 635 2727 ταυτότητος,
674 2659 991 2731 ἀλωϐήτους
1025 2662 1433 2730 διαφυλάττωνο
1490 2668 1633 2737 φημί
1664 2667 1720 2721 δὲ
1755 2669 1853 2737 τήν

278 2748 479 2818 πρᾶξιν
513 2749 607 2802 καὶ⁵
633 2751 731 2821 τήν
762 2750 1017 2823 Θεωρίαν,
1050 2753 1313 2825 ἀλλήλαις
1344 2758 1729 2826 συνεχομένας,
1760 2761 1856 2814 κα)⁸

288 2840 553 2912 μηδεμίαν
599 2842 701 2911 τῆς
744 2843 936 2916 ἐτέρας
968 2845 1398 2918 διεζευγμένην·
1458 2850 1594 2905 ἀλλά
1626 2851 1723 2923 τὴν
1756 2853 1855 2922 μὲν

279 2930 479 3000 πρᾶξιν
541 2933 640 3004 τῆς
688 2934 921 3005 θεωρίας
983 2935 1081 3006 τὴν
1123 2937 1327 3005 γνῶσιν
1370 2939 1457 2994 διὰ
1497 2940 1604 2994 τῶν
1640 2930 1869 3012 τρόπων

279 3025 709 3093 προφαίνουσαν·
742 3027 843 3097 τὴν
875 3028 931 3081 δὲ
964 3026 1218 3099 θεωρίαν,
1255 3030 1354 3101 οὐχ
1382 3026 1543 3104 ἦττον
1572 3032 1667 3087 τοῦ
1697 3033 1855 3104 λόγου

278 3112 379 3186 τὴν
406 3115 608 3187 ἀρετὴν
635 3116 1122 3190 τεθωρακισμένην
1155 3120 1257 3191 τῆς
1286 3120 1557 3191 πράξεως.

350 3287 468 3355 ιιςθ.
515 3288 574 3344 '0
617 3289 795 3360 λύπης
843 3293 938 3345 καὶ
972 3293 1168 3364 ήδονῆς
1198 3294 1401 3365 σαρκὸς
1434 3298 1629 3368 πεῖραν
1653 3296 1853 3365 λαϐὼν,

278 3380 480 3449 λέγοιτ’
500 3381 566 3435 ἀν
593 3383 836 3453 δόκιμοςο
868 3385 945 3447 ὡς
972 3385 1257 3456 εὐχερείας
1281 3387 1375 3441 καὶ
1398 3388 1719 3458 δυσχερείας
1749 3390 1858 3444 τῶν

278 3472 413 3541 περὶ
458 3474 633 3543 σάρκα
671 3476 1014 3546 πραγμάτων
1053 3479 1480 3549 πεπειραμένος.
1534 3481 1751 3546 Τέλειος
1776 3482 1855 3548 δὲ,

277 3565 308 3617 6
334 3565 430 3633 τὴν
459 3564 654 3637 ἡδονὴν
684 3565 783 3635 τῆς
810 3566 1013 3636 σαρκὸς
1039 3569 1134 3621 καὶ
1157 3567 1256 3640 τὴν
1276 3569 1466 3641 ὀδύνην
1490 3574 1556 3643 τῇ
1582 3571 1675 3625 τοῦ
1698 3573 1858 3642 λόγου

276 3655 508 3726 δυνάμει
555 3658 973 3722 καταπαλαίσας
998 3675 1013 3689 ·
1065 3660 1359 3731 ὁλόκληρος
1400 3662 1484 3727 δὲ,
1532 3666 1560 3717 ὁ
1592 3664 1691 3727 τάς
1718 3666 1859 3720 κατά

276 3746 379 3817 τὴν
423 3748 625 3818 πρᾶξιν
669 3751 763 3802 καὶ
807 3750 1040 3821 θεωρίαν
1085 3752 1258 3817 ἔξεις,
1296 3754 1602 3824 ἀτρέπτους
1634 3760 1701 3828 τῇ
1732 3759 1860 3830 περὶ

278 3832 371 3885 τὸν
396 3832 537 3887 θεῖον
565 3834 731 3891 πόθον
764 3838 1015 3912 συντονίᾳ
1043 3840 1401 3914 διατηρήσας.

350 4011 456 4079 ιιζν.
488 4015 600 4085 Τῆς
630 4016 728 4085 μὲν
758 4017 899 4072 κατά
923 4016 1101 4091 ψυχὴν
1121 4018 1299 4091 λύπης
1324 4022 1459 4087 ἐστὶ,
1491 4022 1665 4085 διττὸς
1686 4024 1715 4077 ὁ
1736 4024 1860 4095 τρόο

279 4120 401 4165 πος·
421 4104 449 4157 ὁ
483 4104 601 4174 μὲν,
628 4106 721 4159 ἐπὶ
752 4109 864 4171 τοῖς
886 4110 1132 4173 οίκείοις·
1149 4111 1177 4163 6
1203 4109 1282 4175 δὲ,
1304 4111 1397 4163 ἐπὶ
1426 4114 1537 4175 τοῖς
1559 4112 1861 4182 ἀλλοτρίοις

287 4194 727 4268 πλημμελήμασι
788 4201 1199 4272 συνιστάμενος.
1245 4202 1405 4256 Attia
1444 4202 1501 4255 δὲ
1542 4204 1642 4274 τῆς
1678 4204 1862 4258 τοιαύ-

278 4302 381 4355 της
411 4286 620 4359 λύπης,
669 4290 703 4360 ή
733 4290 853 4343 κατ’
878 4292 1130 4360 αἴσθησιν
1162 4291 1257 4346 τοῦ
1287 4293 1625 4365 λυπουμένου
1653 4294 1860 4364 σαφῶς,

280 4378 314 4447 ἢ
343 4379 451 4433 τῶν
479 4380 547 4433 δι’
570 4380 666 4444 οὒς
695 4382 949 4437 λυπεῖται
981 4384 1322 4454 καθέστηκεν
1348 4387 1537 4456 ἡδονή.
1574 4387 1731 4441 Κατὰ
1756 4388 1864 4459 γάρ

280 4472 373 4525 τὸν
396 4472 600 4544 ἀκριϐῆ
624 4472 802 4542 λόγον,
833 4476 934 4529 οὐκ
958 4475 1073 4531 ἐστι
1102 4478 1381 4542 παντελῶς
1408 4479 1654 4550 ἁμαρτία
1677 4480 1863 4550 σχεδὸν

1950 651 2065 705 cari
2099 651 2283 717 docet,
2320 667 2443 722 qua:
2480 654 2659 707 nostri
2687 664 2817 709 sunt
2842 655 3059 712 arbitrii
3094 673 3158 714 ac
3192 656 3527 721 voluntatis;

1950 750 2012 796 ut
2053 758 2176 812 quae
2224 742 2410 797 carnis
2452 742 2674 812 quidem
2722 743 3087 814 voluptatem,
3124 745 3296 800 animi
3344 754 3529 799 autem

1950 830 2197 886 dolerent
2219 831 2496 887 eﬂiciant:
2528 845 2762 901 magnus
2791 841 2976 887 autem
3002 834 3262 900 Iacobus,
3294 849 3389 889 eas
3430 849 3532 887 nos

1952 924 2315 989 tentationes,
2364 938 2487 993 quae
2534 923 2740 979 invitos
2783 932 3009 995 petunt,
3053 926 3209 981 laetos
3249 926 3531 995 suscipere

1951 1013 2247 1080 admonet;
2274 1021 2337 1068 ut
2362 1029 2484 1084 quae
2514 1016 2700 1070 carnis
2726 1015 3092 1086 voluptatem,
3132 1016 3410 1086 animique
3435 1016 3532 1071 do-

1950 1105 2124 1160 lorem
2155 1105 2419 1161 eximant.

2021 1197 2111 1252 94.
2141 1197 2422 1255 Perfectus
2447 1208 2552 1263 est,
2586 1200 2680 1269 qui
2712 1215 2809 1269 per
2838 1199 3239 1256 continentiam
3266 1200 3532 1255 adversus

1950 1289 2296 1344 voluntarias
2336 1291 2677 1346 tentationes
2722 1291 3039 1362 depugnat;
3086 1302 3143 1347 et
3178 1307 3280 1362 per
3318 1293 3534 1362 patien—

1952 1380 2107 1445 tiam,
2145 1382 2201 1435 in
2239 1380 2307 1435 iis
2336 1396 2457 1450 quae
2482 1380 2743 1436 violentae
2772 1391 2904 1436 sunt
2933 1398 2999 1437 ac
3033 1383 3222 1438 invitis
3244 1384 3528 1441 accidunt.

1952 1482 2211 1528 constans
2250 1480 2591 1543 perseverat.
2634 1473 2857 1545 Integer
2898 1482 3083 1528 autem
3118 1483 3223 1537 est,
3266 1476 3363 1545 qui
3414 1485 3531 1530 tum

1952 1564 2225 1619 actionem
2251 1579 2377 1619 cum
2416 1565 2670 1631 scientia,
2709 1574 2825 1621 tum
2860 1565 3383 1635 contemplationem
3419 1582 3530 1620 non

1952 1656 2183 1711 otiosam
2210 1671 2305 1710 seu
2330 1655 2564 1711 inertem
2600 1666 2840 1727 praestat.

2022 1745 2186 1817 582
2211 1746 2299 1802 95.
2327 1745 2464 1803 Cum
2485 1748 2633 1803 enim
2686 1756 2803 1803 tum
2838 1747 3066 1803 tristitia
3099 1757 3329 1817 tumque
3381 1747 3537 1801 volu-

1952 1847 2076 1908 ptas
2122 1838 2180 1892 in
2219 1839 2459 1894 animam
2487 1856 2550 1895 ac
2590 1856 2791 1910 corpus
2827 1839 3019 1895 divisas
3052 1840 3195 1907 sint;
3227 1842 3322 1911 qui
3363 1842 3532 1896 animi

1953 1932 2294 2002 voluptatem
2335 1940 2707 1997 consectatur,
2752 1948 3057 2002 sensusque
3088 1934 3372 1987 tristitiam
3413 1948 3531 1986 am-

1952 2022 2237 2092 plectitur,
2273 2022 2319 2077 is
2356 2023 2625 2093 probatus
2658 2038 2723 2077 ac
2752 2022 3034 2093 perfectus
3065 2022 3388 2093 integerque
3418 2021 3534 2076 elli-

1951 2113 2097 2167 citur
2124 2129 2139 2167 :
2177 2114 2442 2183 probatus
2469 2112 2717 2184 quidem,
2748 2128 2943 2169 eorum
2978 2114 3229 2183 periculo
3260 2129 3382 2183 quae
3407 2128 3534 2168 sen-

1951 2220 2046 2261 sus
2090 2206 2303 2260 ratione
2346 2206 2625 2260 contraria
2674 2213 2837 2271 sunt;
2888 2206 3167 2276 perfectus
3217 2215 3423 2271 autem,
3471 2213 3533 2261 ut

1950 2296 2045 2365 qui
2064 2310 2163 2363 per
2186 2294 2585 2349 continentiam
2605 2308 2669 2348 ac
2693 2293 3017 2363 patientiam
3042 2294 3310 2349 adversus
3332 2310 3535 2354 sensus

1951 2385 2261 2453 libidinem,
2294 2394 2352 2440 et
2382 2386 2667 2441 tristitiam
2694 2400 2790 2441 seu
2824 2386 3097 2450 dolorem,
3133 2385 3336 2441 obnixe
3359 2386 3534 2455 depu—

1953 2484 2115 2548 gnet;
2163 2478 2375 2547 integer
2406 2476 2669 2545 denique,
2709 2485 2771 2530 ut
2811 2477 2906 2546 qui
2954 2476 3251 2531 contrariis
3294 2478 3441 2531 inter
3472 2492 3532 2532 se

1953 2582 2150 2622 sensus
2177 2565 2390 2620 ratione
2434 2564 2823 2621 affectionibus
2850 2576 3159 2637 pugnantes
3190 2567 3434 2632 habitus,
3475 2568 3531 2621 in

1952 2656 2148 2712 eadem
2179 2656 2411 2711 rationis
2445 2657 2757 2712 constantia
2788 2657 2992 2712 illmsos
3016 2667 3202 2713 servet
3221 2672 3285 2712 ac
3319 2657 3533 2712 incolu-

1955 2764 2073 2805 mes
2109 2749 2407 2819 (actionem
2447 2749 2664 2804 scilicet
2703 2760 2762 2806 et
2804 2750 3354 2821 contemplationem)
3386 2751 3534 2805 inter

1954 2856 2015 2897 se
2040 2841 2408 2904 cohaerentes,
2448 2847 2819 2910 neulramque
2864 2841 3093 2895 alteram
3129 2840 3199 2894 ab
3224 2840 3396 2896 altera
3425 2838 3534 2893 dis-

1951 2934 2238 3005 junctam;
2267 2932 2361 2987 sed
2398 2931 2471 2987 ita
2498 2939 2561 2986 ut
2592 2932 2760 2997 actio,
2794 2932 3057 2988 exteriori
3088 2933 3244 2988 cultu
3274 2947 3340 2987 ac
3364 2932 3535 2986 mori-

1958 3025 2064 3081 bus
2104 3025 2461 3095 praalueente,
2487 3025 2971 3096 contemplationis
3018 3023 3253 3080 scientia
3292 3022 3530 3095 polleat;

1957 3115 2460 3185 contemplatioque
2504 3114 2870 3171 nihilominus
2920 3115 3154 3169 rationis
3187 3114 3391 3170 virtute
3436 3129 3534 3184 per

1884 3232 1928 3293 α
1959 3206 2233 3261 actionem
2264 3214 2377 3259 tuta
2410 3220 2473 3259 ac
2496 3204 2708 3259 munita
2733 3206 3021 3260 consistat.

2028 3296 2117 3351 96.
2152 3296 2257 3362 Qui
2298 3296 2511 3351 doloris
2547 3310 2610 3351 ac
2654 3296 2953 3367 voluptatis
2990 3294 3193 3359 carnis,
3226 3295 3529 3365 periculum

1958 3386 2108 3451 fecit,
2161 3387 2206 3441 is
2252 3387 2520 3457 probatus
2556 3387 2795 3451 dicatur,
2828 3396 3087 3455 tanquam
3116 3386 3210 3455 qui
3243 3400 3426 3439 rerum
3464 3385 3536 3440 ad

1957 3494 2180 3534 carnem
2216 3478 2586 3548 spectantium
2620 3492 2882 3547 prospera
2906 3476 3247 3545 adversaque
3271 3485 3535 3545 expertus

1958 3569 2049 3625 sit.
2082 3568 2367 3624 Perfectus
2390 3582 2544 3631 vero,
2575 3576 2636 3621 ut
2669 3567 2763 3636 qui
2793 3567 2975 3621 carnis
3008 3566 3348 3636 voluptatem
3382 3566 3537 3621 dolo-

1958 3676 2187 3729 remque
2222 3660 2495 3714 sermonis
2532 3658 2776 3729 potentia
2829 3674 2891 3711 ac
2932 3657 3163 3712 rationis
3189 3672 3540 3727 expugnave-

1960 3753 2050 3806 rit.
2103 3752 2321 3821 lnteger
2370 3750 2631 3819 denique,
2674 3757 2735 3804 ut
2768 3750 2860 3819 qui
2904 3748 3139 3803 actionis
3177 3764 3243 3803 ac
3288 3758 3538 3803 contem-

1959 3842 2221 3913 plationis
2258 3841 2500 3905 habitus,
2532 3856 2643 3911 quo
2676 3842 2849 3896 Deum
2886 3848 3149 3895 contento
3182 3855 3370 3895 amore
3407 3853 3539 3909 pre-

1960 3933 2235 4004 sequitur,
2271 3933 2645 3988 immutabiles
2672 3932 3005 3988 servaverit.

2029 4026 2117 4080 97.
2162 4024 2429 4079 Tristitia:
2456 4024 2625 4078 animi
2666 4023 2869 4094 duplex
2906 4024 3104 4079 modus
3134 4032 3255 4088 est;
3300 4038 3538 4093 quorum

1961 4117 2100 4171 alter
2144 4133 2211 4171 ex
2255 4116 2528 4187 propriis;
2578 4115 2719 4171 alter
2765 4130 2920 4181 vero,
2969 4131 3037 4171 ex
3081 4113 3276 4169 alienis
3321 4112 3541 4170 delictis

1962 4207 2255 4263 conﬂatur.
2298 4206 2618 4261 IStiusmodi
2677 4214 2863 4261 autem
2910 4220 3075 4260 causa
3120 4203 3381 4269 tristitie,
3419 4205 3542 4273 ejus

1962 4300 2124 4370 plane
2156 4299 2249 4369 qui
2296 4298 2521 4353 tristitia
2546 4298 2808 4364 efficitur,
2835 4307 2929 4352 aut
2966 4312 3183 4361 eorum,
3224 4297 3279 4350 in
3306 4310 3539 4366 quorum

1964 4391 2191 4461 gratiam
2236 4390 2326 4445 illa
2352 4390 2409 4443 af
2412 4389 2614 4454 ficitur,
2636 4404 2833 4444 sensus
2861 4388 3116 4457 voluptas
3151 4403 3214 4442 ac
3235 4387 3410 4441 libido
3432 4397 3539 4441 est.

1966 4482 2037 4538 Ut
2067 4482 2214 4536 enim
2252 4496 2383 4535 vera
2410 4488 2669 4550 certaque
2714 4479 2826 4534 fert
2855 4479 3015 4542 ratio,
3048 4479 3137 4533 vix
3177 4478 3348 4533 ullum
3383 4493 3542 4548 pror-

282 4564 341 4615 ὲν
374 4563 704 4634 ἀνθρώποις,
745 4566 819 4637 μὴ
851 4567 953 4637 τῆς
983 4568 1162 4639 ψυχῆς
1192 4569 1331 4639 πρὸς
1360 4570 1634 4641 αἴσθησιν,
1670 4571 1857 4643 ἡδονῆς

1968 4588 2063 4627 sus
2086 4573 2232 4627 inter
2256 4571 2509 4627 homines
2542 4579 2723 4627 exstat
2754 4580 3067 4640 peccatum,
3099 4571 3247 4640 quod
3279 4586 3392 4625 sum
3433 4572 3545 4624 ori-

281 4651 469 4705 ἕνεκεν
496 4654 783 4722 ἀλόγιστον
810 4658 1016 4727 σχέσιν,
1040 4658 1213 4730 ἀρχὴν
1241 4660 1337 4728 τῆς
1364 4661 1571 4725 οίκείας
1597 4664 1863 4731 γενέσεως

283 4744 500 4814 ἔχουσα.
551 4748 661 4818 Τῆς
687 4748 744 4801 δὲ
778 4750 919 4803 κατὰ
946 4751 1124 4822 ψυχήν
1154 4751 1348 4823 ήδονῆς
1378 4754 1547 4821 αἰτία,
1581 4756 1863 4827 προδήλως

284 4837 433 4891 ἐστὶν
458 4877 473 4901 ,
534 4839 569 4910 ή
600 4839 717 4892 κατ’
741 4842 996 4910 αἴσθησιν
1030 4843 1126 4895 τοῦ
1154 4844 1247 4897 ἐπὶ
1274 4845 1392 4908 ταῖς
1418 4845 1647 4910 οἰκείαις
1676 4848 1709 4918 ἢ
1742 4852 1865 4912 ταῖς

284 4931 595 5004 ἀλλοτρίαις
621 4934 846 5003 ἀρεταῖς
873 4935 1134 5004 ἡδομένου
1160 4953 1219 4989 τε
1268 4936 1364 4989 καὶ
1386 4938 1667 5009 χαίροντος
1694 4938 1860 5011 λύπη.

285 5023 444 5078 Κατὰ
473 5023 582 5094 γάρ
612 5024 703 5078 τὸν
729 5026 932 5097 ἀκριϐῆ
964 5026 1142 5095 λόγον,
1174 5028 1273 5082 ούκ
1302 5029 1451 5083 ἔστιν
1476 5030 1647 5103 ἀρετὴ
1680 5032 1863 5101 σχεδὸν

285 5114 346 5167 ιν
388 5114 701 5186 ἀνθρώποις
724 5156 739 5179 ,
808 5118 882 5188 μὴ
924 5118 1024 5187 τῆς
1056 5118 1236 5190 ψυχῆς
1267 5121 1404 5191 πρὸς
1435 5121 1687 5191 αἴσθησιν
1718 5123 1865 5177 λελο-

287 5206 554 5275 γισμένην
590 5206 942 5261 ἀποδιάθεσιν
961 5247 975 5270 ,
1025 5209 1199 5279 ἀρχὴν
1231 5209 1328 5278 τῆς
1356 5210 1567 5275 οἰκείας
1596 5212 1867 5280 γενέσεως

288 5296 509 5367 ἔχουσα.

360 5394 469 5461 ιιντο
520 5390 705 5461 Χωρὶς
752 5389 854 5461 τῆς
895 5390 1039 5445 κατά
1072 5391 1249 5462 ψυχὴν
1293 5392 1573 5463 ὲμπαθοῦς
1608 5395 1745 5465 πρὸς
1777 5396 1865 5450 αῖ-

292 5480 482 5551 σθησιν
525 5482 784 5554 σχέσεως,
835 5482 937 5536 οὐκ
976 5482 1122 5537 ἔστιν
1162 5485 1221 5536 ὲν
1255 5485 1565 5555 ἀνθρώποις
1588 5488 1868 5552 παντελῶς

290 5575 553 5645 ἁμαρτία·
586 5577 767 5646 πάσης
792 5575 848 5629 δὲ
878 5575 1054 5643 λύπης
1083 5579 1481 5649 συνισταμένης
1505 5579 1645 5632 κατά
1667 5578 1864 5653 ψυχὴν,

291 5668 451 5739 ήδονή
485 5668 686 5738 σαρκὸς
719 5670 1065 5739 προηγεῖται.

362 5763 466 5828 μου,
527 5764 743 5827 Γένεσις
787 5763 989 5835 ἀρετῆς
1040 5765 1186 5816 ἐστιν
1232 5764 1467 5835 ἀληθὴς,
1524 5768 1558 5835 ἢ
1610 5766 1743 5837 πρδς
1772 5765 1868 5837 τὴν

296 5856 472 5927 σάρκα
502 5856 600 5928 τῆς
625 5857 803 5928 ψυχῆς
830 5857 1077 5923 ἑκούσιος
1102 5858 1474 5929 ἀλλοτρίωσις·
1508 5859 1790 5930 εὐφραίνει
1813 5860 1869 5911 δὲ

1965 4661 2107 4733 ginis
2131 4662 2486 4733 principium,
2514 4663 2570 4716 in
2607 4662 2775 4715 animi
2802 4661 2870 4716 ad
2901 4676 3123 4716 sensum
3154 4677 3221 4715 ex
3257 4661 3542 4729 voluptate

1964 4770 2031 4810 ac
2072 4754 2311 4809 libidine
2356 4744 3109 4809 inconsultam'all‘ectionem
3153 4769 3263 4806 non
3314 4751 3537 4806 referat.

1962 4846 2151 4902 Animi
2181 4862 2314 4901 vero
2355 4846 2657 4915 voluptatis
2684 4843 2975 4915 perspicue
3017 4859 3181 4899 causa
3207 4853 3313 4907 est,
3347 4859 3543 4897 sensus

1964 4938 2144 5002 dolor,
2183 4940 2323 5009 ejus,
2366 4937 2460 5007 qui
2506 4937 2574 4991 de
2621 4936 2755 5000 suis,
2804 4942 2901 4989 aut
2946 4934 3181 4989 aliorum
3238 4933 3540 4988 virtutibus

1965 5029 2187 5101 gaudet.
2220 5030 2291 5087 Ut
2314 5030 2463 5084 enim
2489 5044 2621 5082 vera
2652 5026 2821 5081 habet
2854 5024 3018 5091 ratio,
3052 5027 3139 5080 vix
3174 5025 3285 5079 ulla
3314 5041 3543 5095 prorsus

1968 5124 2023 5177 in
2054 5122 2373 5178 hominibus
2400 5122 2578 5176 virtus
2616 5129 2720 5184 est,
2758 5135 2880 5189 qum
2925 5119 3157 5188 originis
3185 5134 3299 5173 suae
3333 5118 3539 5187 princi-

1966 5218 2140 5287 pium,
2171 5216 2341 5270 animi
2378 5230 2506 5284 erga
2535 5227 2759 5268 sensum
2794 5210 3104 5265 consultam
3128 5210 3363 5265 affectus
3387 5208 3543 5265 abdi-

1966 5309 2239 5365 cationem
2274 5323 2383 5362 non
2416 5307 2636 5360 habeat.

2036 5400 2124 5468 98.
2159 5398 2311 5455 Citra
2341 5398 2509 5453 animi
2539 5397 2605 5451 ad
2632 5412 2855 5452 sensum
2901 5394 3256 5451 libidinosam
3289 5391 3543 5447 affectio-

1968 5508 2093 5548 nem
2117 5491 2330 5546 nullum
2362 5488 2661 5560 prorsusin
2680 5488 3001 5543 hominibus
3020 5493 3202 5540 exstat
3232 5495 3540 5553 peccatum.

1966 5583 2127 5641 Omni
2162 5591 2347 5637 autem
2397 5580 2451 5635 in
2495 5580 2679 5635 animo
2721 5578 3046 5635 eonsistenti
3086 5576 3347 5638 tristitiae,
3386 5574 3546 5645 prmit

1969 5675 2153 5734 carnis
2183 5676 2463 5744 voluptas.

2040 5767 2127 5820 99.
2154 5764 2389 5819 Virtutis
2412 5779 2540 5818 vera
2583 5763 2740 5833 origo
2780 5776 2843 5816 ac
2872 5768 3089 5823 natura,
3126 5759 3293 5811 animi
3324 5775 3352 5811 ο
3379 5772 3546 5811 carne

1973 5867 2274 5928 sponlanca
2316 5856 2647 5911 abalienatio
2693 5861 2797 5910 est.
2843 5850 3004 5922 583
3053 5850 3310 5905 Animum
3360 5855 3544 5903 autem
