4192 6436
249 441 388 505 1305

913 436 1249 502 CAPITUM
1286 434 1712 512 QUINQUIES
1745 433 2271 501 CENTENORUM
2309 440 2696 504 CENTURIA
2735 444 2836 507 IV.

3380 446 3512 513 1306

315 554 379 610 ε’.
421 554 480 609 '0
512 552 635 619 νοῦς
677 552 792 622 άμα
835 552 936 624 τὴν
959 555 1213 624 αῖσθησιν
1249 551 1456 606 οἰκείαν
1493 551 1635 606 κατὰ
1663 549 1829 620 φύσιν

2004 553 2056 607 5.
2105 554 2279 617 Mens,
2318 569 2444 608 mox
2473 569 2538 610 ac
2583 571 2804 611 sensum
2839 555 2951 611 vim
2995 556 3276 627 propriam
3307 574 3372 612 ex
3417 578 3503 612 ..ιι-

244 647 511 716 ἧγήσεται
535 647 789 717 δύναμιν,
809 648 930 710 ταῖς
955 645 1064 700 τῶν
1092 643 1370 715 αἰσθητῶν
1401 642 1836 713 ἐπιπλεκόμενος

244 737 614 807 ἐπιφανείαις,
639 738 1056 798 ἐπινοεῖταιτὰς
1089 735 1357 807 σαρκικας
1396 732 1612 804 ἡδονὰς.
1651 732 1712 786 οὐ
1743 731 1834 784 δυ-

245 830 482 899 νάμενος
519 829 630 882 τῶν
672 829 882 900 ὁρατῶν
924 829 1174 899 διαϐῆναι
1221 827 1320 897 τὴν
1352 825 1536 896 φύσιν,
1578 827 1644 896 τῇ
1697 823 1836 896 πρὸς

242 921 351 993 τὴν
386 921 643 991 αῖσθησιν
670 921 911 991 ἐμπαθεῖ
952 921 1135 992 σχέσει
1168 917 1550 989 κατασχεθείς.

319 1013 397 1077 ς’.
431 1012 492 1066 Εἰ
522 1014 623 1066 οὐκ
672 1013 790 1067 ἔστι
818 1013 1047 1067 δυνατὸν
1094 1011 1231 1083 πρὸς
1280 1011 1351 1063 τὰ
1399 1009 1640 1078 συγγενῆ
1668 1007 1835 1080 νοητὰ

241 1107 341 1160 τὸν
365 1105 491 1160 νοῦν
518 1107 789 1178 διαϐῆναι,
820 1107 946 1176 δίχα
979 1107 1080 1176 τῆς
1103 1105 1210 1159 τῶν
1230 1105 1318 1157 διὰ
1345 1103 1511 1173 μέσον
1531 1101 1836 1174 προϐεϐλη-

245 1199 431 1270 μένων
453 1198 729 1270 αἰσθητῶν
766 1198 1021 1271 θεωρίαςο
1053 1197 1254 1267 ταύτην
1283 1197 1342 1248 δὲ
1383 1195 1658 1264 γενέσθαι,
1695 1210 1834 1247 παν-

240 1293 420 1358 τελῶς
458 1295 740 1365 ἀμήχανον
765 1293 938 1366 χωρὶς
971 1293 1072 1361 τῆς
1103 1291 1252 1362 αὑτῷ
1296 1291 1395 1361 μὲν
1440 1288 1832 1358 συγκειμένης,

246 1390 368 1452 τοῖς
406 1387 686 1455 αἰσθητοῖς
710 1386 767 1440 δὲ
800 1386 942 1439 κατὰ
983 1385 1144 1454 φύσιν
1177 1381 1473 1452 συγγενοῦς
1504 1380 1831 1451 αἰσθήσεως·

243 1479 478 1542 εἰκότως
507 1482 556 1533 εἰ
587 1478 686 1550 μὲν
726 1475 1018 1548 προϐαλὼν
1065 1476 1290 1544 ἐνσχεθῇ
1327 1475 1447 1535 ταῖς
1487 1469 1834 1540 ἐπιφανείαις

241 1569 360 1624 τῶν
390 1568 625 1641 ὁρατῶν,
667 1568 951 1638 ἐνέργειαν
1003 1561 1145 1618 εἶναι
1187 1563 1425 1633 φυσικὴν
1464 1560 1564 1631 τὴν
1611 1574 1833 1625 συγκει-

249 1661 422 1732 μένην
455 1661 701 1732 οἰόμενος
738 1659 1012 1727 αἴσθησιν,
1064 1656 1173 1709 τῶ)
1217 1655 1315 1725 μὲν
1363 1651 1505 1706 κατὰ
1534 1651 1694 1720 φύσιν
1739 1651 1834 1702 ὲκο

249 1755 511 1808 πέπτωκε
552 1751 780 1823 νοητῶνο
827 1751 936 1804 τῶν
980 1750 1036 1802 δὲ
1094 1747 1242 1818 παρὰ
1275 1744 1436 1813 φύσιν
1482 1745 1684 1814 ἀμφοῖν
1713 1741 1833 1793 ταῖν

244 1847 456 1915 χεροῖν,
495 1843 524 1897 ὃ
561 1843 626 1913 δὴ
654 1843 893 1910 λέγεται,
924 1839 1221 1892 ἐπελάϐετο
1249 1836 1537 1905 σωμάτωψ
1568 1827 1646 1894 οἷς
1680 1829 1832 1901 παρὰ

245 1939 344 1990 τὸν
375 1937 534 2006 λόγον
569 1933 984 2006 ὲνεργούμενος,
1027 1932 1116 1984 διὰ
1140 1929 1238 2000 τὴν
1274 1929 1433 1981 αὑτὸν
1464 1926 1832 1994 ἐκνικήσασαν

246 2028 531 2101 αἴσθησιν,
560 2028 660 2098 τῆς
696 2027 794 2097 μὲν
823 2025 965 2078 κατὰ
981 2023 1158 2094 ψυχὴν
1180 2021 1360 2091 λύπης
1399 2021 1678 2089 γεννήτωρ
1704 2015 1836 2069 καθ·

250 2121 493 2180 ίσταται.
523 2120 747 2189 συχναῖς
782 2119 904 2179 ταῖς
955 2114 1094 2168 κατὰ
1124 2112 1429 2182 συνείδησιν
1469 2107 1719 2180 μάστιξιν
1749 2107 1837 2160 αἰ-

247 2212 564 2283 κιζόμενος·
605 2213 705 2281 τῆς
733 2209 789 2262 δὲ
817 2211 936 2262 κατ’
969 2207 1226 2276 αἴσθησιν
1252 2204 1446 2276 ἡδονῆς
1476 2201 1731 2274 ἀρίδηλος
1749 2199 1836 2270 γί-

245 2323 406 2361 νεται
456 2305 727 2377 ποιητὴς,
783 2307 908 2367 ταῖς
946 2301 1214 2364 ἐπινοίαις
1259 2299 1369 2353 τῶν
1401 2296 1834 2370 περιποιητικῶν

246 2398 471 2468 τρόπων
505 2398 608 2467 τῆς
649 2395 851 2467 σαρκὸς
888 2393 1295 2462 λιπαινόμενος.
1329 2390 1393 2444 Εἰ
1441 2389 1498 2443 δέ
1548 2388 1647 2460 τὴν
1697 2388 1835 2456 πρὸς

247 2490 528 2559 αἴσθησιν,
558 2488 673 2557 ἅμα
705 2489 770 2557 τῇ
802 2485 1078 2556 προσϐολῇ
1110 2483 1219 2536 τῶν
1242 2481 1536 2550 ὁρωμένων
1562 2479 1834 2550 διατεμὼν

249 2581 600 2650 ἐπιφάνειαν,
629 2581 756 2642 τοὺς
787 2577 1197 2648 πνευματικοὺς
1219 2575 1329 2630 τῶ)
1365 2577 1532 2630 ὄντων
1559 2574 1834 2644 καθαροὺς

245 2673 362 2728 τῶν
407 2671 495 2726 ἐπ’
531 2672 717 2734 αὐτοῖς
741 2670 1038 2741 σχημάτων
1064 2667 1315 2722 θεάσεται
1345 2667 1560 2735 λόγους,
1595 2666 1694 2738 τὴν
1736 2666 1834 2736 μὲν

245 2766 350 2835 τῆς
381 2764 562 2835 ψυχῆς
589 2763 786 2834 ἡδονὴν
830 2760 1252 2832 κατειργάσατο,
1286 2759 1474 2828 μηδενὶ
1503 2758 1610 2812 τῶν
1639 2757 1832 2827 αἰσθη-

246 2858 363 2911 τῶν
390 2856 782 2928 θεωρουμένων
830 2853 1236 2926 κρατουμένης,
1267 2853 1366 2924 τὴν
1403 2851 1461 2905 δὲ
1512 2852 1611 2920 τῆς
1643 2848 1836 2919 αἰσθή-

250 2972 389 3018 σεως
423 2954 792 3023 συνεστήσατο
835 2951 1040 3021 λύπην,
1085 2949 1306 3003 πάντων
1357 2947 1498 3001 κατὰ
1533 2945 1694 3015 φύσιν
1724 2941 1834 2996 τῶν

249 3044 526 3116 αἰσθητῶν
559 3041 900 3112 ἐστερημένη
909 3059 954 3105 ς.

321 3133 386 3198 ζ’.
442 3132 660 3202 Ἐπειδὴ
690 3132 787 3203 τὴν
834 3131 934 3202 μὲν
970 3131 1066 3202 τῆς
1096 3129 1274 3200 ψυχῆς
1305 3128 1501 3196 λύπην.
1547 3128 1714 3198 ἤγουν
1743 3125 1834 3177 τὸν

1939 651 2059 698 tura
2084 660 2206 699 esse
2226 645 2468 710 duxerit,
2505 661 2691 700 rerum
2724 647 3012 702 sensilium
3039 647 3231 718 ﬁguris
3266 663 3329 701 ac
3359 650 3510 702 cole-

1936 739 2092 792 ribus
2145 737 2444 808 implicata,
2488 739 2674 794 carnis
2705 742 3017 811 voluptates
3060 741 3356 812 excogitat,
3401 759 3510 796 non

1935 831 2125 885 valens
2175 847 2359 884 rerum
2418 832 2834 907 arpcrtabilium
2893 841 3147 887 naturam
3210 848 3510 902 superare,

1934 938 2057 994 qua:
2084 922 2379 978 libidinosa
2403 923 2469 978 ad
2504 940 2726 979 sensum
2754 925 3046 979 all‘ectione
3070 926 3281 981 irretita
3312 927 3404 980 sit.

2006 1016 2060 1071 6.
2083 1016 2220 1072 Cum
2250 1016 2366 1071 ﬁeri
2399 1032 2508 1071 non
2545 1018 2743 1088 possit,
2779 1025 2841 1073 ut
2870 1030 3030 1073 mens
3067 1017 3136 1072 ad
3167 1028 3396 1088 cognata
3431 1018 3516 1072 in-

1935 1108 2239 1178 telligibilia
2285 1117 2545 1171 transeat,
2579 1109 2713 1178 quin
2765 1111 3016 1175 sensilia,
3049 1124 3172 1180 qua:
3213 1110 3391 1164 media
3429 1111 3514 1164 in-

1934 1191 2160 1271 teriecta
2188 1209 2340 1265 sunt,
2375 1199 2726 1270 speculetur;
2770 1202 2998 1271 haecque
3027 1201 3122 1256 illa
3155 1202 3311 1256 nullo
3351 1217 3512 1272 pror-

1933 1309 2030 1349 sus
2069 1293 2233 1347 modo
2259 1292 2467 1361 absque
2498 1306 2692 1358 sensu,
2727 1292 2804 1346 illi
2833 1291 3058 1360 quidem
3083 1291 3420 1353 adhaerente,
3458 1297 3514 1343 at

1933 1388 2028 1458 qui
2063 1395 2258 1441 natura
2291 1385 2587 1441 sensilibus
2631 1383 2812 1438 afﬁnis
2849 1385 2942 1449 sit,
2981 1384 3252 1454 speculari
3281 1383 3464 1437 valeat
3494 1398 3510 1436 :

1933 1479 2133 1532 merito
2164 1493 2317 1542 sane,
2365 1476 2641 1548 siquidem
2677 1492 2740 1530 ea
2766 1475 3109 1545 attingenda,
3142 1490 3326 1528 rerum
3349 1490 3513 1542 aspe-

1932 1571 2216 1628 ctabilium
2235 1570 2424 1642 ﬁguris
2450 1584 2513 1624 ac
2536 1568 2819 1624 coloribus
2843 1567 3188 1630 inhzereseat,
3205 1565 3509 1634 simplicem

1932 1677 2054 1719 esse
2090 1671 2208 1717 rata
2237 1660 2638 1732 operationem,
2668 1676 2790 1729 qua:
2816 1675 3013 1714 sensus
3036 1657 3376 1728 compositus
3405 1667 3510 1719 est,

1931 1755 2000 1810 ab
2016 1753 2457 1826 intelligibilibus
2469 1767 2532 1808 ac
2548 1751 2911 1822 Spiritalibus,
2928 1767 3051 1821 qua:
3063 1760 3272 1805 suntex
3289 1757 3511 1812 natura,

1867 1894 1910 1949 Β
1935 1845 2211 1916 prolapsa,
2238 1843 2510 1897 ambabus
2548 1841 2716 1911 (quod
2761 1841 2937 1911 aiunt)
2976 1839 3252 1902 manibus,
3288 1839 3515 1890 innatu-

1937 1937 2071 1990 ralia
2093 1950 2327 2005 corpora
2354 1932 2743 2004 apprehendit,
2773 1947 2835 1986 ac
2857 1930 3137 1988 complexa
3161 1938 3278 1983 est:
3307 1928 3515 1997 quibus

1933 2029 2098 2085 aliter
2123 2043 2188 2082 ac
2216 2027 2412 2081 suadet
2442 2025 2584 2078 ratio
2609 2026 2790 2078 excita
2825 2037 2889 2075 ac
2933 2029 3102 2082 mnta,
3129 2019 3200 2071 ob
3234 2034 3428 2073 sensus
3457 2019 3513 2072 in

1933 2137 2054 2176 eam
2077 2119 2392 2182 victoriam,
2430 2117 2670 2171 tristitia:
2699 2113 2868 2168 animi
2902 2111 3117 2166 crebris
3157 2109 3515 2165 conscienlize

1933 2212 2266 2268 verberibus
2299 2209 2636 2279 vapulantis,
2663 2221 2869 2276 parens
2908 2205 3162 2267 exsistit;
3206 2216 3514 2267 sensusque

1933 2309 2114 2378 palam
2145 2300 2448 2372 voluptatis
2474 2305 2668 2353 auctor
2694 2296 2955 2360 efﬁcitur,
2993 2309 3116 2363 qua:
3145 2292 3360 2347 scilicet
3399 2307 3517 2346 nio-

1934 2402 2022 2456 dis
2065 2395 2315 2452 fovendzc
2344 2392 2528 2448 carnis
2565 2387 2940 2460 excogitandis
2987 2385 3218 2440 nimium
3246 2391 3513 2454 quantum

1934 2493 2241 2547 delectetur
2261 2502 2325 2541 ae
2346 2485 2500 2540 velut
2525 2483 2916 2552 impinguetur.
2941 2478 3037 2532 Sin
3063 2485 3244 2532 autem
3281 2491 3407 2528 mox
3449 2488 3513 2529 ac

1934 2583 2114 2653 attigit
2152 2577 2532 2650 percepitque,
2577 2583 2806 2628 externa
2856 2586 3044 2624 rerum
3093 2567 3511 2638 aSpeetabilium

1934 2677 2168 2730 dissecla
2195 2669 2400 2740 specie,
2433 2665 2713 2736 spiritales
2755 2676 2936 2716 rerum
2966 2661 3230 2723 rationes,
3269 2658 3512 2728 ipsarum

1935 2766 2124 2838 ﬁguris
2175 2763 2472 2832 depuratas
2519 2754 2891 2824 conspexerit,
2953 2751 3124 2806 animi
3173 2751 3512 2820 voluptatem

1935 2855 2214 2930 produxit,
2267 2852 2362 2923 qui
2409 2849 2564 2904 nullo
2601 2846 2846 2900 visorum
2897 2843 3183 2897 sensilium
3225 2848 3510 2906 teneatur;

1935 2961 2239 3018 sensusque
2271 2943 2541 3004 dolorem,
2578 2935 2836 2992 omnibus
2867 2950 2934 2989 ex
2973 2944 3168 2988 natura
3213 2931 3514 2988 sensilibus

1933 3044 2154 3114 privati,
2187 3040 2493 3095 constituit.

2007 3135 2060 3188 7.
2089 3132 2226 3198 Quia
2260 3133 2424 3202 igitur
2459 3131 2626 3185 animi
2657 3129 2882 3200 quidem
2916 3121 3194 3180 tristitiam
3223 3132 3318 3172 seu
3357 3113 3515 3168 dolo-

249 3226 415 3280 πόνον
432 3224 646 3296 (ταύτὸν
663 3223 771 3294 γὰρ
799 3223 1052 3292 ἀλλήλοις
1072 3221 1406 3292 ἀμφότερα),
1435 3224 1466 3290 ἠ
1491 3220 1608 3272 κατ’
1636 3219 1830 3288 αἴσθη-

1940 3241 2055 3281 rem
2097 3227 2361 3295 (laborem
2410 3224 2658 3278 scilicet:
2695 3232 2822 3275 sunt
2851 3219 2996 3274 enim
3030 3216 3144 3268 lucc
3166 3207 3382 3277 eadem)
3419 3222 3515 3259 vo-

250 3337 337 3372 σιν
364 3318 527 3388 ἡδονὴ
565 3317 865 3387 συνίστησν
897 3316 996 3386 τὴν
1023 3315 1080 3368 δὲ
1130 3318 1230 3385 τῆς
1276 3313 1584 3382 αἰσθήσεως
1627 3311 1828 3380 λύπην,

248 3413 420 3482 ἤγουν
453 3409 758 3470 τὸν¹πόνον,
795 3409 828 3478 ή
863 3406 1004 3467 κατᾲ
1052 3405 1231 3476 ψυχὴν
1265 3407 1435 3456 ποιεῖν
1469 3403 1629 3472 ἡδονὴ
1662 3403 1837 3469 πέφυο

249 3521 370 3566 κεν,
404 3502 628 3563 εἰκότως
656 3503 684 3553 ὁ
713 3501 811 3570 τῆς
841 3498 961 3552 κατ’
993 3498 1183 3550 ἐλπίδα
1230 3495 1376 3564 ζωῆς
1418 3496 1522 3549 τοῦ
1551 3495 1700 3548 Θεοῦ
1737 3494 1837 3547 καί

252 3593 527 3660 Σωτῆρος
569 3590 742 3662 ήμῶν
785 3590 990 3658 Ἰησοῦ
1022 3587 1303 3658 Χριστοῦ,
1339 3587 1413 3642 δι’
1447 3586 1838 3652 ἀναστάσεως

247 3685 482 3754 νεκρῶν
509 3688 598 3749 εἰς
626 3684 1040 3765 κληρονομίαν
1068 3682 1378 3750 ἄφθαρτον
1406 3681 1504 3734 καί
1545 3680 1839 3748 ἀμίαντον

248 3779 351 3833 καὶ
382 3778 730 3847 ἀμάραντον
760 3773 1174 3844 τετηρημένην
1210 3774 1280 3826 ἐν
1330 3772 1642 3840 οὐρανοῖς,
1690 3771 1840 3839 ἐφιέ-

253 3887 445 3941 μενος,
476 3868 618 3923 κατὰ
650 3867 749 3938 μὲν
794 3869 892 3939 τὴν
918 3866 1097 3938 ψυχὴν
1122 3865 1447 3934 ἁγαλλίασιν
1488 3865 1622 3933 ἔχει,
1663 3863 1839 3935 χαρὰν

251 3961 639 4030 άνεκλάλητον,
670 3959 931 4030 διηνεκῶς
959 3962 1023 4029 τῇ
1052 3959 1158 4010 τῶν
1189 3957 1488 4026 μελλόντων
1512 3957 1687 4008 ἑλπίδι
1712 3973 1838 4022 γαν-

249 4053 484 4123 νύμενος
524 4051 766 4120 ἀγαθῶνο
799 4050 945 4103 κατὰ
973 4049 1028 4102 δὲ
1056 4049 1154 4117 τὴν
1189 4048 1367 4117 σάρκα
1405 4047 1498 4100 καὶ
1526 4045 1624 4115 τὴν
1647 4045 1836 4113 αῖσοηο

252 4163 361 4211 σιν,
395 4143 594 4216 λύπην,
632 4144 800 4214 ἤγουν
829 4142 953 4203 τοὺς
985 4143 1048 4193 ἐκ
1078 4140 1186 4193 τῶν
1222 4139 1480 4191 ποικίλων
1518 4137 1838 4208 πειρασμῶν

250 4237 665 4306 ἐπιγινομένους
693 4237 829 4306 αὐτῇ
874 4235 1091 4296 πόνους,
1119 4235 1214 4285 καὶ
1243 4235 1340 4294 τὰς
1370 4235 1455 4284 ἐπ’
1489 4232 1679 4292 αὐτοῖς
1717 4229 1828 4283 ὀδύ-

248 4346 373 4391 νας.
422 4328 578 4400 Πάσῃ
609 4329 734 4398 γάρ.
762 4328 952 4397 ἀρετῇ,
985 4326 1146 4395 ἡδονὴ
1179 4325 1272 4377 καὶ
1313 4324 1472 4385 πόνος
1506 4323 1834 4394 παρέπεται·

249 4420 419 4482 πόνος
461 4419 559 4490 μὲν
588 4419 812 4489 σαρκὸς,
857 4417 1231 4487 ἐστερημένης
1271 4415 1371 4486 τῆς
1406 4415 1708 4487 προσηνοῦς
1746 4414 1836 4468 καὶ

247 4511 534 4582 λειοτέρας
582 4511 905 4580 αἰσθήσεωςο
963 4509 1124 4580 ἡδονὴ
1184 4508 1239 4560 δὲ
1286 4507 1484 4578 ψυχῆς,
1520 4507 1716 4570 παντὸς
1751 4508 1835 4560 αἰ-

1937 3320 2120 3389 luplas
2145 3333 2342 3372 sensus
2368 3315 2688 3379 constituit;
2714 3324 3016 3379 sensusque
3044 3306 3289 3360 dolorem
3313 3299 3387 3372 (id
3407 3307 3512 3358 est,

1937 3407 2207 3478 laborem)
2242 3407 2409 3461 animi
2446 3409 2703 3476 voluptas
2735 3404 2917 3458 facere
2960 3395 3278 3459 consuevit;
3313 3391 3513 3446 merito

1939 3501 2007 3565 is,
2034 3501 2127 3570 qui
2168 3501 2295 3555 vita:
2334 3500 2388 3554 in
2421 3514 2515 3568 spe
2547 3497 2759 3568 positae.
2791 3494 2886 3547 Dei
2919 3509 2980 3546 ac
3015 3488 3308 3544 Saluatoris
3348 3482 3516 3538 nostri

1936 3591 2061 3648 Iesu
2098 3590 2292 3647 Christi
2325 3607 2416 3662 per
2444 3589 2877 3643 resurrectionem
2906 3601 2968 3637 ea:
2996 3581 3236 3643 mortuis,
3259 3580 3312 3632 in
3347 3579 3518 3630 ἰκετε-

1937 3686 2158 3739 ditatem
2204 3681 2652 3753 incorruptibilem
2707 3689 2756 3733 et
2798 3675 3276 3731 iucontaminatam
3320 3679 3364 3722 rt
3415 3669 3515 3720 im-

1939 3776 2344 3832 marcescibilcm
2375 3774 2734 3828 i'onscrvatam
2773 3772 2827 3823 in
2867 3766 3005 3821 cwlis
3043 3765 3086 3827 ’⁷,
3129 3759 3405 3816 desiderio
3438 3767 3516 3810 tc-

1938 3882 2122 3933 netur,
2175 3870 2359 3923 animo
2398 3867 2622 3938 quidem
2666 3864 2923 3926 exsultat,
2967 3857 3276 3930 gaudetque
3316 3851 3516 3922 gaudio

1941 3962 2316 4025 inenarrabili,
2346 3961 2618 4015 bonorum
2653 3957 2812 4029 535
2846 3955 3157 4008 futurorum
3193 3965 3287 4018 spe
3312 3946 3518 4014 iugiter

1938 4058 2234 4127 ganniens;
2276 4071 2441 4109 carne
2485 4062 2668 4107 autem
2717 4067 2779 4104 ac
2821 4063 2985 4103 sensu
3044 4043 3288 4096 dolorem
3329 4037 3513 4097 habet,

1937 4151 2155 4204 labores
2182 4148 2390 4204 scilicet
2417 4147 2509 4216 qui
2540 4161 2606 4199 ex
2645 4143 2813 4196 variis
2851 4135 3246 4194 tentationibus
3278 4129 3356 4184 illi
3381 4145 3511 4183 cono

1939 4241 2162 4305 ﬁantur,
2204 4256 2268 4294 ac
2316 4255 2452 4308 quas
2494 4238 2569 4290 illi
2604 4248 2878 4289 :erunuzas
2915 4246 2980 4284 ac
3015 4227 3238 4282 dolores
3275 4222 3514 4292 pariunt.

1937 4334 2098 4389 Omni
2149 4332 2297 4388 enitn
2357 4330 2553 4384 virtuti
2602 4339 2715 4382 tum
2770 4326 3044 4394 voluptas,
3097 4328 3212 4372 tum
3259 4325 3312 4369 et
3364 4313 3519 4366 labor

1939 4441 2124 4481 comes
2145 4422 2360 4478 exsistit
2391 4439 2404 4474 :
2445 4436 2641 4489 nempe
2675 4417 2858 4472 carnis
2887 4415 3062 4476 labor,
3092 4425 3254 4481 quam
3286 4404 3520 4463 blandus

1938 4514 2226 4582 leniorque
2276 4524 2472 4564 sensus
2518 4506 2760 4567 deﬁciat,
2804 4503 3080 4571 animique
3120 4498 3390 4566 voluptas,
3422 4492 3516 4562 qui

253 4600 457 4670 σθητοῦ
486 4601 748 4672 καθαροῖς
790 4597 1144 4671 ὲντρυφώσης
1189 4601 1302 4662 τοῖς
1346 4599 1402 4651 ἐν
1450 4597 1718 4668 πνεύματι
1745 4599 1835 4651 λό-

1943 4604 2012 4658 ab
2039 4579 2189 4657 omni
2221 4600 2408 4655 sensili
2438 4598 2592 4670 puris
2628 4598 2682 4650 in
2721 4594 2920 4666 spiritu
2967 4589 3274 4646 rationibus
3306 4583 3522 4640 deliciis

291 4713 395 4750 οις.

291 4713 345 4748 οι
380 4734 395 4750 .

251 4712 291 4766 γ
432 4787 560 4841 Δέον
596 4785 712 4840 ἐστί
755 4784 850 4840 τὸν
886 4784 1012 4839 νοῦν
1051 4786 1195 4840 κατὰ
1227 4785 1325 4858 τὴν
1351 4789 1640 4861 παροῦσαν
1695 4790 1840 4863 ζωὴν

254 4879 441 4954 (τοῦτο
457 4879 565 4949 γάρ
586 4895 674 4949 μοι
704 4880 925 4943 νοεῖται,
957 4875 1019 4930 τὸ
1045 4876 1184 4948 νῦν),
1203 4879 1344 4932 κατὰ
1370 4882 1548 4950 σάρκα
1575 4882 1843 4953 λυπούμε-

252 4990 371 5037 νον,
400 4972 488 5026 διὰ
525 4972 651 5034 τοὺς
684 4969 913 5033 πολλοὺς
948 4970 1142 5032 πόνους
1187 4971 1297 5024 τῶν
1334 4973 1474 5044 ὑπὲρ
1514 4975 1716 5044 ἀρετῆς
1750 4974 1842 5028 αὐ-

251 5065 339 5134 τῷ
365 5066 788 5136 προσαγομένων
813 5063 1162 5134 πειρασμῶν,
1188 5064 1277 5117 ἀεὶ
1306 5068 1518 5137 χαίρειν
1553 5067 1692 5120 κατὰ
1728 5067 1834 5134 ψυ-

253 5157 384 5228 χὴν,
427 5157 518 5210 καὶ
559 5154 783 5226 ἥδεσθαι
812 5155 901 5208 διὰ
929 5153 1028 5225 τὴν
1064 5154 1256 5208 ἐλπίδα
1288 5154 1399 5207 τῶν
1439 5157 1674 5209 αἰωνίων
1699 5158 1838 5225 ἁγα-

256 5249 394 5312 Οῶν,
425 5247 529 5301 κᾶν
562 5246 662 5318 ἔχῃ
683 5247 1171 5317 καταπονουμένην
1195 5246 1294 5316 τὴν
1309 5245 1580 5316 αἴσθησιν.
1617 5250 1698 5300 Οὐ
1727 5247 1839 5318 γάρ

255 5341 403 5406 ἄξια
437 5340 504 5394 τὰ
526 5337 844 5407 παθήματα
875 5338 983 5392 τοῦ
1007 5338 1124 5392 νῦν
1143 5337 1349 5406 καιροῦ
1379 5341 1529 5405 πρὸς
1553 5337 1666 5407 τὴν
1693 5342 1839 5408 μέλ-

254 5436 502 5486 λουσαν
526 5430 716 5496 δόξαν
741 5431 1278 5485 ἀποκαλύπτεσθαι
1322 5432 1410 5497 εἰς
1452 5428 1628 5500 ἡμᾶς,
1672 5433 1839 5502 φησὶν

258 5526 295 5578 ὁ
323 5523 466 5587 θεῖος
509 5523 801 5576 Ἀπόστολο
814 5541 853 5585 ς.

337 5614 404 5669 θ’.
433 5615 647 5686 Ψυχῆς,
693 5616 726 5686 ἠ
777 5615 934 5686 σὰρξ,
969 5615 1081 5670 ἀλλ’
1115 5617 1176 5669 οὐ
1213 5617 1415 5688 σαρκὸς
1453 5620 1485 5689 ὴ
1527 5617 1672 5688 ψυχή
1697 5635 1711 5649 ·
1746 5619 1840 5673 τοῦ

260 5706 376 5776 γὰρ
398 5706 728 5776 κρείττονος,
760 5706 893 5777 φησὶ
914 5747 928 5771 ,
968 5705 1029 5759 τὸ
1055 5703 1237 5780 ἦττον,
1263 5709 1380 5762 ἀλλ’
1408 5711 1468 5761 οὐ
1496 5709 1588 5762 τοῦ
1618 5711 1838 5779 ἥττονος

1296 5887 1314 5917 ’
1343 5885 1500 5940 Rom.
1535 5902 1645 5940 \‘lll.
1684 5887 1743 5940 l8

343 5889 364 5920 ⁷
393 5889 412 5946 l
439 5889 585 5946 Petr.
619 5907 656 5952 ι.
687 5889 740 5944 3.
821 5887 842 5919 ⁸
869 5888 888 5945 Ι
918 5888 1064 5944 Pctr.
1099 5902 1136 5952 ι,
1165 5886 1216 5940 ϐ.

1944 4695 2150 4752 afﬂuat.

1944 4697 2150 4752 afﬂuat.

2015 4789 2066 4843 8.
2097 4785 2288 4856 Operae
2329 4782 2569 4854 pretium
2602 4788 2686 4836 est
2719 4788 2778 4834 ut
2808 4779 3026 4833 animus
3057 4775 3170 4830 vita
3201 4773 3306 4828 hac
3340 4769 3522 4839 (hunc

1941 4879 2089 4946 enim
2116 4876 2251 4932 mihi
2281 4890 2503 4930 sensum
2535 4873 2723 4933 habet,
2745 4870 2892 4942 quod
2919 4869 3144 4932 dicitur,
3167 4862 3326 4930 nunc)
3357 4876 3521 4917 carne

1940 4973 2134 5028 dolens
2160 4985 2224 5024 ac
2250 4982 2510 5030 mmrcns,
2536 4965 2608 5020 ob
2638 4980 2832 5019 carum
2868 4962 3230 5017 tentationum
3251 4957 3293 5022 ⁸,
3321 4953 3523 5025 quibus

1941 5063 2164 5120 virtutis
2195 5075 2360 5117 causa
2392 5058 2690 5128 appetitur,
2727 5055 3085 5125 multiplicem
3126 5050 3399 5113 laborem,
3433 5060 3522 5100 se-

1942 5174 2066 5214 cum
2103 5157 2220 5227 ipse
2255 5167 2474 5223 semper
2499 5149 2730 5222 gaudeat
2757 5163 2822 5203 ac
2848 5144 3202 5218 jucundetur,
3227 5155 3323 5210 spe
3350 5137 3523 5193 fretus

1943 5250 2255 5305 futurorum
2281 5246 2578 5307 bonorum,
2606 5242 2708 5297 etsi
2737 5253 2965 5295 sensum
2993 5233 3278 5293 laboribus
3303 5230 3514 5286 divexa-

1945 5348 2058 5394 tum
2105 5337 2323 5391 habeat.
2359 5335 2430 5391 Ut
2461 5333 2608 5388 enim
2651 5331 2727 5386 ait
2761 5329 2983 5385 divinus
3018 5323 3312 5396 Apostolus
3353 5338 3366 5374 :
3403 5319 3522 5374 Νοκ

1943 5437 2066 5482 sunt
2095 5427 2368 5497 condigna:
2398 5425 2662 5496 passiones
2691 5421 2848 5492 lmjus
2882 5416 3150 5488 temporis,
3183 5413 3253 5468 ad
3286 5412 3522 5482 futuram

1945 5520 2195 5594 gloriam,
2224 5533 2343 5589 qua!
2374 5515 2692 5571 revelabitur
2717 5514 2772 5567 in
2803 5511 2948 5565 nobis
2967 5511 3012 5562 ’.

2015 5616 2067 5670 9.
2099 5615 2260 5678 Caro,
2295 5611 2463 5666 animi
2501 5617 2604 5672 est,
2635 5623 2742 5662 non
2781 5603 3019 5659 vicissim
3059 5598 3277 5653 animus
3317 5592 3520 5650 carnis.

1948 5711 2041 5764 Est
2087 5705 2234 5761 enim
2285 5699 2708 5775 praestantioris,
2743 5695 2950 5766 inquit,
2984 5691 3039 5748 id
3085 5688 3232 5762 quod
3279 5682 3524 5742 deterius
