  <div class='ocr_page' id='page_1' title='image "/cluster/home/n/w/nwhite01/storage/ocr_20150623/90/nnc1.0046980113/659.png"; bbox 0 0 4192 6436; ppageno 0'>
   <div class='ocr_carea' id='block_1_1' title="bbox 679 347 818 413">
    <p class='ocr_par' dir='ltr' id='par_1_1' title="bbox 679 347 818 413">
     <span class='ocr_line' id='line_1_1' title="bbox 679 347 818 413; baseline 0.014 -2"><span class='ocrx_word' id='word_1_1' title='bbox 679 347 818 413; x_wconf 79' lang='grc'><strong>1307</strong></span> 
     </span>
    </p>
   </div>
   <div class='ocr_carea' id='block_1_2' title="bbox 1843 297 2787 408">
    <p class='ocr_par' dir='ltr' id='par_1_2' title="bbox 1843 297 2787 408">
     <span class='ocr_line' id='line_1_2' title="bbox 1843 297 2787 408; baseline -0.003 -7"><span class='ocrx_word' id='word_1_2' title='bbox 1843 339 1904 401; x_wconf 88' lang='lat' dir='ltr'><strong>s.</strong></span> <span class='ocrx_word' id='word_1_3' title='bbox 1944 335 2233 408; x_wconf 74' lang='lat' dir='ltr'><strong>MAXIMI</strong></span> <span class='ocrx_word' id='word_1_4' title='bbox 2273 297 2787 400; x_wconf 78' lang='lat' dir='ltr'><strong>CONFESSORIS</strong></span> 
     </span>
    </p>
   </div>
   <div class='ocr_carea' id='block_1_3' title="bbox 3830 335 3977 402">
    <p class='ocr_par' dir='ltr' id='par_1_3' title="bbox 3830 335 3977 402">
     <span class='ocr_line' id='line_1_3' title="bbox 3830 335 3977 402; baseline 0.014 -1"><span class='ocrx_word' id='word_1_5' title='bbox 3830 335 3977 402; x_wconf 79' lang='lat'><strong>1308</strong></span> 
     </span>
    </p>
   </div>
   <div class='ocr_carea' id='block_1_4' title="bbox 677 451 2278 526">
    <p class='ocr_par' dir='ltr' id='par_1_4' title="bbox 677 453 2249 526">
     <span class='ocr_line' id='line_1_4' title="bbox 677 453 2249 526; baseline -0.008 -8"><span class='ocrx_word' id='word_1_6' title='bbox 677 475 763 518; x_wconf 81' lang='lat' dir='ltr'><strong>est</strong></span> <span class='ocrx_word' id='word_1_7' title='bbox 798 477 813 513; x_wconf 69' lang='grc' dir='ltr'><strong>ι</strong></span> <span class='ocrx_word' id='word_1_8' title='bbox 854 456 1002 512; x_wconf 98' lang='lat' dir='ltr'><strong>haud</strong></span> <span class='ocrx_word' id='word_1_9' title='bbox 1039 469 1170 511; x_wconf 80' lang='lat' dir='ltr'><strong>vero</strong></span> <span class='ocrx_word' id='word_1_10' title='bbox 1209 455 1525 521; x_wconf 87' lang='lat' dir='ltr'><strong>deterioris,</strong></span> <span class='ocrx_word' id='word_1_11' title='bbox 1563 454 1713 526; x_wconf 90' lang='lat' dir='ltr'><strong>quod</strong></span> <span class='ocrx_word' id='word_1_12' title='bbox 1756 468 1842 512; x_wconf 88' lang='lat' dir='ltr'><strong>est</strong></span> <span class='ocrx_word' id='word_1_13' title='bbox 1879 453 2249 526; x_wconf 66' lang='lat' dir='ltr'><strong>praestantius.</strong></span> 
     </span>
    </p>
   </div>
   <div class='ocr_carea' id='block_1_5' title="bbox 2377 451 3976 526">
    <p class='ocr_par' dir='ltr' id='par_1_5' title="bbox 2377 451 3976 526">
     <span class='ocr_line' id='line_1_5' title="bbox 2377 451 3976 526; baseline -0.003 -17"><span class='ocrx_word' id='word_1_14' title='bbox 2377 453 2416 509; x_wconf 69' lang='grc' dir='ltr'><strong>πό</strong></span> <span class='ocrx_word' id='word_1_15' title='bbox 2441 457 2705 526; x_wconf 79' lang='grc' dir='ltr'><strong>κρεῖττον.</strong></span> <span class='ocrx_word' id='word_1_16' title='bbox 2738 454 2971 519; x_wconf 83' lang='grc' dir='ltr'><strong>ούκοῦν,</strong></span> <span class='ocrx_word' id='word_1_17' title='bbox 3003 453 3196 526; x_wconf 80' lang='grc' dir='ltr'><strong>ἐπειδὴ</strong></span> <span class='ocrx_word' id='word_1_18' title='bbox 3222 455 3290 526; x_wconf 77' lang='grc' dir='ltr'><strong>τῇ</strong></span> <span class='ocrx_word' id='word_1_19' title='bbox 3317 452 3483 525; x_wconf 78' lang='grc' dir='ltr'><strong>σαρκὶ</strong></span> <span class='ocrx_word' id='word_1_20' title='bbox 3515 452 3609 507; x_wconf 82' lang='grc' dir='ltr'><strong>διά</strong></span> <span class='ocrx_word' id='word_1_21' title='bbox 3636 451 3742 522; x_wconf 84' lang='grc' dir='ltr'><strong>τὴν</strong></span> <span class='ocrx_word' id='word_1_22' title='bbox 3773 453 3976 521; x_wconf 81' lang='grc' dir='ltr'><strong>παρά-</strong></span> 
     </span>
    </p>
   </div>
   <div class='ocr_carea' id='block_1_6' title="bbox 675 547 2257 622">
    <p class='ocr_par' dir='ltr' id='par_1_6' title="bbox 675 547 2257 622">
     <span class='ocr_line' id='line_1_6' title="bbox 675 547 2257 622; baseline -0.001 -18"><span class='ocrx_word' id='word_1_23' title='bbox 675 551 814 618; x_wconf 69' lang='lat' dir='ltr'><strong>Quia</strong></span> <span class='ocrx_word' id='word_1_24' title='bbox 865 551 1033 622; x_wconf 87' lang='lat' dir='ltr'><strong>igitur</strong></span> <span class='ocrx_word' id='word_1_25' title='bbox 1071 547 1225 603; x_wconf 89' lang='lat' dir='ltr'><strong>carui</strong></span> <span class='ocrx_word' id='word_1_26' title='bbox 1271 547 1338 603; x_wconf 89' lang='lat' dir='ltr'><strong>ad</strong></span> <span class='ocrx_word' id='word_1_27' title='bbox 1384 549 1868 620; x_wconf 75' lang='lat' dir='ltr'><strong>transgressionem</strong></span> <span class='ocrx_word' id='word_1_28' title='bbox 1915 547 2126 618; x_wconf 87' lang='lat' dir='ltr'><strong>peccati</strong></span> <span class='ocrx_word' id='word_1_29' title='bbox 2165 548 2257 603; x_wconf 76' lang='lat' dir='ltr'><strong>lex</strong></span> 
     </span>
    </p>
   </div>
   <div class='ocr_carea' id='block_1_7' title="bbox 675 639 2257 711">
    <p class='ocr_par' dir='ltr' id='par_1_7' title="bbox 675 639 2257 711">
     <span class='ocr_line' id='line_1_7' title="bbox 675 639 2257 711; baseline -0.002 -13"><span class='ocrx_word' id='word_1_30' title='bbox 675 642 925 706; x_wconf 75' lang='lat' dir='ltr'><strong>inolevit,</strong></span> <span class='ocrx_word' id='word_1_31' title='bbox 958 640 1104 710; x_wconf 90' lang='lat' dir='ltr'><strong>quod</strong></span> <span class='ocrx_word' id='word_1_32' title='bbox 1137 652 1222 695; x_wconf 92' lang='lat' dir='ltr'><strong>est</strong></span> <span class='ocrx_word' id='word_1_33' title='bbox 1252 655 1447 696; x_wconf 83' lang='lat' dir='ltr'><strong>sensus</strong></span> <span class='ocrx_word' id='word_1_34' title='bbox 1477 644 1728 711; x_wconf 77' lang='lat' dir='ltr'><strong>voluptas</strong></span> <span class='ocrx_word' id='word_1_35' title='bbox 1761 650 1924 710; x_wconf 86' lang='lat' dir='ltr'><strong>atque</strong></span> <span class='ocrx_word' id='word_1_36' title='bbox 1959 640 2154 706; x_wconf 87' lang='lat' dir='ltr'><strong>libido,</strong></span> <span class='ocrx_word' id='word_1_37' title='bbox 2183 639 2257 695; x_wconf 89' lang='lat' dir='ltr'><strong>ob</strong></span> 
     </span>
    </p>
   </div>
   <div class='ocr_carea' id='block_1_8' title="bbox 676 732 2257 804">
    <p class='ocr_par' dir='ltr' id='par_1_8' title="bbox 676 732 2257 804">
     <span class='ocr_line' id='line_1_8' title="bbox 676 732 2257 804; baseline -0.001 -16"><span class='ocrx_word' id='word_1_38' title='bbox 676 751 841 804; x_wconf 77' lang='lat' dir='ltr'><strong>quam</strong></span> <span class='ocrx_word' id='word_1_39' title='bbox 883 750 982 802; x_wconf 82' lang='lat' dir='ltr'><strong>per</strong></span> <span class='ocrx_word' id='word_1_40' title='bbox 1019 733 1237 788; x_wconf 88' lang='lat' dir='ltr'><strong>labores</strong></span> <span class='ocrx_word' id='word_1_41' title='bbox 1275 733 1493 788; x_wconf 87' lang='lat' dir='ltr'><strong>decreta</strong></span> <span class='ocrx_word' id='word_1_42' title='bbox 1529 733 1723 787; x_wconf 91' lang='lat' dir='ltr'><strong>mortis</strong></span> <span class='ocrx_word' id='word_1_43' title='bbox 1756 735 1942 787; x_wconf 86' lang='lat' dir='ltr'><strong>carnis</strong></span> <span class='ocrx_word' id='word_1_44' title='bbox 1978 732 2257 788; x_wconf 80' lang='lat' dir='ltr'><strong>damnatio</strong></span> 
     </span>
    </p>
   </div>
   <div class='ocr_carea' id='block_1_9' title="bbox 676 824 2251 896">
    <p class='ocr_par' dir='ltr' id='par_1_9' title="bbox 676 824 2251 896">
     <span class='ocr_line' id='line_1_9' title="bbox 676 824 2251 896; baseline -0.004 -14"><span class='ocrx_word' id='word_1_45' title='bbox 676 839 792 890; x_wconf 90' lang='lat' dir='ltr'><strong>est,</strong></span> <span class='ocrx_word' id='word_1_46' title='bbox 820 826 887 880; x_wconf 92' lang='lat' dir='ltr'><strong>ad</strong></span> <span class='ocrx_word' id='word_1_47' title='bbox 925 826 1250 879; x_wconf 88' lang='lat' dir='ltr'><strong>abolendam</strong></span> <span class='ocrx_word' id='word_1_48' title='bbox 1286 826 1468 880; x_wconf 90' lang='lat' dir='ltr'><strong>carnis</strong></span> <span class='ocrx_word' id='word_1_49' title='bbox 1500 825 1672 896; x_wconf 83' lang='lat' dir='ltr'><strong>legem</strong></span> <span class='ocrx_word' id='word_1_50' title='bbox 1713 824 1948 879; x_wconf 87' lang='lat' dir='ltr'><strong>solerter</strong></span> <span class='ocrx_word' id='word_1_51' title='bbox 1981 825 2198 877; x_wconf 87' lang='lat' dir='ltr'><strong>inventa</strong></span> <span class='ocrx_word' id='word_1_52' title='bbox 2237 839 2251 876; x_wconf 92' lang='lat'>:</span> 
     </span>
    </p>
   </div>
   <div class='ocr_carea' id='block_1_10' title="bbox 673 914 2254 988">
    <p class='ocr_par' dir='ltr' id='par_1_10' title="bbox 673 914 2254 988">
     <span class='ocr_line' id='line_1_10' title="bbox 673 914 2254 988; baseline -0.003 -18"><span class='ocrx_word' id='word_1_53' title='bbox 673 918 838 988; x_wconf 76' lang='lat' dir='ltr'><strong>plane</strong></span> <span class='ocrx_word' id='word_1_54' title='bbox 867 915 962 985; x_wconf 93' lang='lat' dir='ltr'><strong>qui</strong></span> <span class='ocrx_word' id='word_1_55' title='bbox 997 917 1068 969; x_wconf 93' lang='lat' dir='ltr'><strong>ob</strong></span> <span class='ocrx_word' id='word_1_56' title='bbox 1105 925 1408 984; x_wconf 86' lang='lat' dir='ltr'><strong>peccatum,</strong></span> <span class='ocrx_word' id='word_1_57' title='bbox 1441 915 1560 984; x_wconf 88' lang='lat' dir='ltr'><strong>ejus</strong></span> <span class='ocrx_word' id='word_1_58' title='bbox 1592 914 1846 969; x_wconf 86' lang='lat' dir='ltr'><strong>abolendi</strong></span> <span class='ocrx_word' id='word_1_59' title='bbox 1883 928 2072 976; x_wconf 89' lang='lat' dir='ltr'><strong>causa,</strong></span> <span class='ocrx_word' id='word_1_60' title='bbox 2101 927 2254 965; x_wconf 88' lang='lat' dir='ltr'><strong>mor-</strong></span> 
     </span>
    </p>
   </div>
   <div class='ocr_carea' id='block_1_11' title="bbox 680 1005 2255 1077">
    <p class='ocr_par' dir='ltr' id='par_1_11' title="bbox 680 1005 2255 1077">
     <span class='ocr_line' id='line_1_11' title="bbox 680 1005 2255 1077; baseline -0.001 -15"><span class='ocrx_word' id='word_1_61' title='bbox 680 1019 788 1063; x_wconf 85' lang='lat' dir='ltr'><strong>tem</strong></span> <span class='ocrx_word' id='word_1_62' title='bbox 813 1008 1200 1077; x_wconf 83' lang='lat' dir='ltr'><strong>supervenisse</strong></span> <span class='ocrx_word' id='word_1_63' title='bbox 1225 1023 1332 1061; x_wconf 89' lang='lat' dir='ltr'><strong>non</strong></span> <span class='ocrx_word' id='word_1_64' title='bbox 1359 1007 1555 1069; x_wconf 87' lang='lat' dir='ltr'><strong>nescit,</strong></span> <span class='ocrx_word' id='word_1_65' title='bbox 1579 1022 1797 1077; x_wconf 87' lang='lat' dir='ltr'><strong>semper</strong></span> <span class='ocrx_word' id='word_1_66' title='bbox 1821 1006 2006 1061; x_wconf 90' lang='lat' dir='ltr'><strong>animo</strong></span> <span class='ocrx_word' id='word_1_67' title='bbox 2031 1005 2255 1076; x_wconf 81' lang='lat' dir='ltr'><strong>gaudet,</strong></span> 
     </span>
    </p>
   </div>
   <div class='ocr_carea' id='block_1_12' title="bbox 677 1098 2260 1169">
    <p class='ocr_par' dir='ltr' id='par_1_12' title="bbox 677 1098 2260 1169">
     <span class='ocr_line' id='line_1_12' title="bbox 677 1098 2260 1169; baseline 0 -16"><span class='ocrx_word' id='word_1_68' title='bbox 677 1099 769 1167; x_wconf 85' lang='lat' dir='ltr'><strong>qui</strong></span> <span class='ocrx_word' id='word_1_69' title='bbox 805 1115 900 1168; x_wconf 88' lang='lat' dir='ltr'><strong>per</strong></span> <span class='ocrx_word' id='word_1_70' title='bbox 931 1100 1114 1154; x_wconf 90' lang='lat' dir='ltr'><strong>varios</strong></span> <span class='ocrx_word' id='word_1_71' title='bbox 1142 1099 1387 1160; x_wconf 88' lang='lat' dir='ltr'><strong>labores,</strong></span> <span class='ocrx_word' id='word_1_72' title='bbox 1418 1099 1592 1169; x_wconf 91' lang='lat' dir='ltr'><strong>legem</strong></span> <span class='ocrx_word' id='word_1_73' title='bbox 1633 1098 1843 1169; x_wconf 84' lang='lat' dir='ltr'><strong>peccati</strong></span> <span class='ocrx_word' id='word_1_74' title='bbox 1885 1113 1915 1152; x_wconf 88' lang='lat' dir='ltr'><strong>a</strong></span> <span class='ocrx_word' id='word_1_75' title='bbox 1954 1113 2053 1152; x_wconf 91' lang='lat' dir='ltr'><strong>sua</strong></span> <span class='ocrx_word' id='word_1_76' title='bbox 2093 1113 2260 1153; x_wconf 90' lang='lat' dir='ltr'><strong>carne</strong></span> 
     </span>
    </p>
   </div>
   <div class='ocr_carea' id='block_1_13' title="bbox 679 1187 2262 1258">
    <p class='ocr_par' dir='ltr' id='par_1_13' title="bbox 679 1187 2262 1258">
     <span class='ocr_line' id='line_1_13' title="bbox 679 1187 2262 1258; baseline 0 -16"><span class='ocrx_word' id='word_1_77' title='bbox 679 1189 987 1245; x_wconf 87' lang='lat' dir='ltr'><strong>desciscere</strong></span> <span class='ocrx_word' id='word_1_78' title='bbox 1024 1187 1238 1252; x_wconf 71' lang='lat' dir='ltr'><strong>videat,</strong></span> <span class='ocrx_word' id='word_1_79' title='bbox 1273 1205 1383 1257; x_wconf 92' lang='lat' dir='ltr'><strong>quo</strong></span> <span class='ocrx_word' id='word_1_80' title='bbox 1421 1188 1663 1243; x_wconf 85' lang='lat' dir='ltr'><strong>futuram</strong></span> <span class='ocrx_word' id='word_1_81' title='bbox 1706 1189 1760 1242; x_wconf 91' lang='lat' dir='ltr'><strong>iu</strong></span> <span class='ocrx_word' id='word_1_82' title='bbox 1803 1188 2001 1258; x_wconf 91' lang='lat' dir='ltr'><strong>spiritu</strong></span> <span class='ocrx_word' id='word_1_83' title='bbox 2044 1189 2262 1243; x_wconf 84' lang='lat' dir='ltr'><strong>beatam</strong></span> 
     </span>
    </p>
   </div>
   <div class='ocr_carea' id='block_1_14' title="bbox 678 1279 2259 1350">
    <p class='ocr_par' dir='ltr' id='par_1_14' title="bbox 678 1279 2259 1350">
     <span class='ocr_line' id='line_1_14' title="bbox 678 1279 2259 1350; baseline -0.001 -14"><span class='ocrx_word' id='word_1_84' title='bbox 678 1282 849 1336; x_wconf 78' lang='lat' dir='ltr'><strong>vitam</strong></span> <span class='ocrx_word' id='word_1_85' title='bbox 883 1279 1174 1350; x_wconf 87' lang='lat' dir='ltr'><strong>suscipiat;</strong></span> <span class='ocrx_word' id='word_1_86' title='bbox 1204 1296 1366 1350; x_wconf 86' lang='lat' dir='ltr'><strong>quam</strong></span> <span class='ocrx_word' id='word_1_87' title='bbox 1397 1281 1555 1336; x_wconf 86' lang='lat' dir='ltr'><strong>aliter</strong></span> <span class='ocrx_word' id='word_1_88' title='bbox 1580 1296 1742 1334; x_wconf 89' lang='lat' dir='ltr'><strong>nemo</strong></span> <span class='ocrx_word' id='word_1_89' title='bbox 1771 1281 2032 1349; x_wconf 88' lang='lat' dir='ltr'><strong>consequi</strong></span> <span class='ocrx_word' id='word_1_90' title='bbox 2064 1281 2259 1350; x_wconf 86' lang='lat' dir='ltr'><strong>possit,</strong></span> 
     </span>
    </p>
   </div>
   <div class='ocr_carea' id='block_1_15' title="bbox 681 1371 2261 1442">
    <p class='ocr_par' dir='ltr' id='par_1_15' title="bbox 681 1371 2261 1442">
     <span class='ocr_line' id='line_1_15' title="bbox 681 1371 2261 1442; baseline 0.001 -18"><span class='ocrx_word' id='word_1_91' title='bbox 681 1371 813 1441; x_wconf 81' lang='lat' dir='ltr'><strong>quin</strong></span> <span class='ocrx_word' id='word_1_92' title='bbox 841 1372 1014 1441; x_wconf 84' lang='lat' dir='ltr'><strong>prius,</strong></span> <span class='ocrx_word' id='word_1_93' title='bbox 1041 1388 1142 1426; x_wconf 91' lang='lat' dir='ltr'><strong>ceu</strong></span> <span class='ocrx_word' id='word_1_94' title='bbox 1169 1388 1236 1426; x_wconf 78' lang='lat' dir='ltr'><strong>ex</strong></span> <span class='ocrx_word' id='word_1_95' title='bbox 1263 1387 1386 1428; x_wconf 83' lang='lat' dir='ltr'><strong>vase</strong></span> <span class='ocrx_word' id='word_1_96' title='bbox 1411 1371 1668 1442; x_wconf 89' lang='lat' dir='ltr'><strong>quodam,</strong></span> <span class='ocrx_word' id='word_1_97' title='bbox 1693 1388 1760 1426; x_wconf 82' lang='lat' dir='ltr'><strong>ex</strong></span> <span class='ocrx_word' id='word_1_98' title='bbox 1792 1387 1980 1435; x_wconf 91' lang='lat' dir='ltr'><strong>carne,</strong></span> <span class='ocrx_word' id='word_1_99' title='bbox 2006 1374 2261 1442; x_wconf 76' lang='lat' dir='ltr'><strong>prresenti</strong></span> 
     </span>
    </p>
   </div>
   <div class='ocr_carea' id='block_1_16' title="bbox 682 1465 2264 1535">
    <p class='ocr_par' dir='ltr' id='par_1_16' title="bbox 682 1465 2264 1535">
     <span class='ocr_line' id='line_1_16' title="bbox 682 1465 2264 1535; baseline 0.001 -19"><span class='ocrx_word' id='word_1_100' title='bbox 682 1479 848 1533; x_wconf 88' lang='lat' dir='ltr'><strong>quam</strong></span> <span class='ocrx_word' id='word_1_101' title='bbox 896 1465 1149 1520; x_wconf 90' lang='lat' dir='ltr'><strong>ducimus</strong></span> <span class='ocrx_word' id='word_1_102' title='bbox 1192 1465 1332 1529; x_wconf 85' lang='lat' dir='ltr'><strong>vita,</strong></span> <span class='ocrx_word' id='word_1_103' title='bbox 1378 1465 1588 1534; x_wconf 87' lang='lat' dir='ltr'><strong>peccati</strong></span> <span class='ocrx_word' id='word_1_104' title='bbox 1640 1466 1844 1535; x_wconf 82' lang='lat' dir='ltr'><strong>legem,</strong></span> <span class='ocrx_word' id='word_1_105' title='bbox 1881 1481 1988 1535; x_wconf 86' lang='lat' dir='ltr'><strong>qua</strong></span> <span class='ocrx_word' id='word_1_106' title='bbox 2039 1465 2096 1519; x_wconf 92' lang='lat' dir='ltr'><strong>in</strong></span> <span class='ocrx_word' id='word_1_107' title='bbox 2141 1481 2264 1521; x_wconf 90' lang='lat' dir='ltr'><strong>eam</strong></span> 
     </span>
    </p>
   </div>
   <div class='ocr_carea' id='block_1_17' title="bbox 683 1556 2262 1614">
    <p class='ocr_par' dir='ltr' id='par_1_17' title="bbox 683 1556 2262 1614">
     <span class='ocr_line' id='line_1_17' title="bbox 683 1556 2262 1614; baseline 0.001 -4"><span class='ocrx_word' id='word_1_108' title='bbox 683 1556 975 1613; x_wconf 81' lang='lat' dir='ltr'><strong>ail‘ectione</strong></span> <span class='ocrx_word' id='word_1_109' title='bbox 1009 1574 1074 1613; x_wconf 91' lang='lat' dir='ltr'><strong>ac</strong></span> <span class='ocrx_word' id='word_1_110' title='bbox 1110 1559 1337 1613; x_wconf 88' lang='lat' dir='ltr'><strong>libidine</strong></span> <span class='ocrx_word' id='word_1_111' title='bbox 1362 1559 1614 1613; x_wconf 83' lang='lat' dir='ltr'><strong>voluntas</strong></span> <span class='ocrx_word' id='word_1_112' title='bbox 1647 1557 1870 1614; x_wconf 88' lang='lat' dir='ltr'><strong>ducitur</strong></span> <span class='ocrx_word' id='word_1_113' title='bbox 1893 1559 2262 1614; x_wconf 88' lang='lat' dir='ltr'><strong>evacuaverit.</strong></span> 
     </span>
    </p>
   </div>
   <div class='ocr_carea' id='block_1_18' title="bbox 760 1731 2268 1806">
    <p class='ocr_par' dir='ltr' id='par_1_18' title="bbox 760 1731 2268 1806">
     <span class='ocr_line' id='line_1_18' title="bbox 760 1731 2268 1806; baseline 0.005 -22"><span class='ocrx_word' id='word_1_114' title='bbox 760 1731 849 1785; x_wconf 80' lang='grc'><strong>10.</strong></span> <span class='ocrx_word' id='word_1_115' title='bbox 880 1731 982 1798; x_wconf 85' lang='lat' dir='ltr'><strong>Qui</strong></span> <span class='ocrx_word' id='word_1_116' title='bbox 1033 1748 1097 1788; x_wconf 89' lang='lat' dir='ltr'><strong>ea</strong></span> <span class='ocrx_word' id='word_1_117' title='bbox 1140 1732 1351 1786; x_wconf 80' lang='lat' dir='ltr'><strong>ratione</strong></span> <span class='ocrx_word' id='word_1_118' title='bbox 1397 1749 1504 1802; x_wconf 86' lang='lat' dir='ltr'><strong>qua</strong></span> <span class='ocrx_word' id='word_1_119' title='bbox 1551 1733 1813 1790; x_wconf 86' lang='lat' dir='ltr'><strong>virtutem</strong></span> <span class='ocrx_word' id='word_1_120' title='bbox 1855 1734 2007 1802; x_wconf 88' lang='lat' dir='ltr'><strong>colit,</strong></span> <span class='ocrx_word' id='word_1_121' title='bbox 2041 1746 2268 1806; x_wconf 89' lang='lat' dir='ltr'><strong>propter</strong></span> 
     </span>
    </p>
   </div>
   <div class='ocr_carea' id='block_1_19' title="bbox 687 1823 2267 1900">
    <p class='ocr_par' dir='ltr' id='par_1_19' title="bbox 687 1823 2267 1900">
     <span class='ocr_line' id='line_1_19' title="bbox 687 1823 2267 1900; baseline 0.004 -22"><span class='ocrx_word' id='word_1_122' title='bbox 687 1823 905 1879; x_wconf 90' lang='lat' dir='ltr'><strong>labores</strong></span> <span class='ocrx_word' id='word_1_123' title='bbox 937 1833 1099 1893; x_wconf 87' lang='lat' dir='ltr'><strong>atque</strong></span> <span class='ocrx_word' id='word_1_124' title='bbox 1132 1841 1410 1880; x_wconf 70' lang='lat' dir='ltr'><strong>atrumnas</strong></span> <span class='ocrx_word' id='word_1_125' title='bbox 1441 1843 1607 1882; x_wconf 89' lang='lat' dir='ltr'><strong>carne</strong></span> <span class='ocrx_word' id='word_1_126' title='bbox 1638 1827 1808 1892; x_wconf 90' lang='lat' dir='ltr'><strong>dolet,</strong></span> <span class='ocrx_word' id='word_1_127' title='bbox 1834 1829 2080 1900; x_wconf 88' lang='lat' dir='ltr'><strong>ejusdem</strong></span> <span class='ocrx_word' id='word_1_128' title='bbox 2113 1830 2267 1885; x_wconf 92' lang='lat' dir='ltr'><strong>cultu</strong></span> 
     </span>
    </p>
   </div>
   <div class='ocr_carea' id='block_1_20' title="bbox 689 1917 2271 1990">
    <p class='ocr_par' dir='ltr' id='par_1_20' title="bbox 689 1917 2271 1990">
     <span class='ocr_line' id='line_1_20' title="bbox 689 1917 2271 1990; baseline 0.001 -19"><span class='ocrx_word' id='word_1_129' title='bbox 689 1917 876 1972; x_wconf 90' lang='lat' dir='ltr'><strong>animo</strong></span> <span class='ocrx_word' id='word_1_130' title='bbox 903 1917 1125 1987; x_wconf 79' lang='lat' dir='ltr'><strong>gaudet,</strong></span> <span class='ocrx_word' id='word_1_131' title='bbox 1153 1917 1248 1987; x_wconf 87' lang='lat' dir='ltr'><strong>qui</strong></span> <span class='ocrx_word' id='word_1_132' title='bbox 1275 1918 1426 1972; x_wconf 86' lang='lat' dir='ltr'><strong>velut</strong></span> <span class='ocrx_word' id='word_1_133' title='bbox 1453 1920 1564 1990; x_wconf 87' lang='lat' dir='ltr'><strong>jam</strong></span> <span class='ocrx_word' id='word_1_134' title='bbox 1599 1927 1923 1990; x_wconf 67' lang='lat' dir='ltr'><strong>praesentem</strong></span> <span class='ocrx_word' id='word_1_135' title='bbox 1955 1919 2271 1974; x_wconf 83' lang='lat' dir='ltr'><strong>futurorum</strong></span> 
     </span>
    </p>
   </div>
   <div class='ocr_carea' id='block_1_21' title="bbox 690 2010 2273 2083">
    <p class='ocr_par' dir='ltr' id='par_1_21' title="bbox 690 2010 2273 2083">
     <span class='ocr_line' id='line_1_21' title="bbox 690 2010 2273 2083; baseline 0.002 -19"><span class='ocrx_word' id='word_1_136' title='bbox 690 2010 948 2066; x_wconf 84' lang='lat' dir='ltr'><strong>decorem</strong></span> <span class='ocrx_word' id='word_1_137' title='bbox 1001 2012 1338 2081; x_wconf 87' lang='lat' dir='ltr'><strong>conspiciat;</strong></span> <span class='ocrx_word' id='word_1_138' title='bbox 1386 2013 1544 2082; x_wconf 91' lang='lat' dir='ltr'><strong>cujus</strong></span> <span class='ocrx_word' id='word_1_139' title='bbox 1594 2012 1805 2082; x_wconf 79' lang='lat' dir='ltr'><strong>gratia,</strong></span> <span class='ocrx_word' id='word_1_140' title='bbox 1849 2013 2000 2066; x_wconf 88' lang='lat' dir='ltr'><strong>velut</strong></span> <span class='ocrx_word' id='word_1_141' title='bbox 2044 2027 2273 2083; x_wconf 87' lang='lat' dir='ltr'><strong>magnus</strong></span> 
     </span>
    </p>
   </div>
   <div class='ocr_carea' id='block_1_22' title="bbox 690 2093 2276 2174">
    <p class='ocr_par' dir='ltr' id='par_1_22' title="bbox 690 2093 2276 2174">
     <span class='ocr_line' id='line_1_22' title="bbox 690 2093 2276 2174; baseline 0.003 -21"><span class='ocrx_word' id='word_1_142' title='bbox 690 2093 863 2154; x_wconf 71' lang='lat' dir='ltr'><strong>David</strong></span> <span class='ocrx_word' id='word_1_143' title='bbox 885 2103 948 2166; x_wconf 75' lang='grc' dir='ltr'><strong>³ο,</strong></span> <span class='ocrx_word' id='word_1_144' title='bbox 968 2101 1167 2156; x_wconf 89' lang='lat' dir='ltr'><strong>mentis</strong></span> <span class='ocrx_word' id='word_1_145' title='bbox 1190 2103 1473 2172; x_wconf 89' lang='lat' dir='ltr'><strong>proposito</strong></span> <span class='ocrx_word' id='word_1_146' title='bbox 1495 2118 1526 2157; x_wconf 92' lang='lat' dir='ltr'><strong>a</strong></span> <span class='ocrx_word' id='word_1_147' title='bbox 1549 2117 1713 2158; x_wconf 92' lang='lat' dir='ltr'><strong>carne</strong></span> <span class='ocrx_word' id='word_1_148' title='bbox 1733 2103 2115 2169; x_wconf 91' lang='lat' dir='ltr'><strong>desciscendo,</strong></span> <span class='ocrx_word' id='word_1_149' title='bbox 2136 2119 2276 2174; x_wconf 93' lang='lat' dir='ltr'><strong>quo-</strong></span> 
     </span>
    </p>
   </div>
   <div class='ocr_carea' id='block_1_23' title="bbox 694 2192 2277 2266">
    <p class='ocr_par' dir='ltr' id='par_1_23' title="bbox 694 2192 2277 2266">
     <span class='ocr_line' id='line_1_23' title="bbox 694 2192 2277 2266; baseline 0.003 -22"><span class='ocrx_word' id='word_1_150' title='bbox 694 2192 829 2246; x_wconf 90' lang='lat' dir='ltr'><strong>tidie</strong></span> <span class='ocrx_word' id='word_1_151' title='bbox 857 2192 1111 2258; x_wconf 89' lang='lat' dir='ltr'><strong>moritur,</strong></span> <span class='ocrx_word' id='word_1_152' title='bbox 1139 2193 1235 2262; x_wconf 89' lang='lat' dir='ltr'><strong>qui</strong></span> <span class='ocrx_word' id='word_1_153' title='bbox 1268 2194 1500 2264; x_wconf 76' lang='lat' dir='ltr'><strong>Spiritali</strong></span> <span class='ocrx_word' id='word_1_154' title='bbox 1535 2195 1718 2249; x_wconf 88' lang='lat' dir='ltr'><strong>animo</strong></span> <span class='ocrx_word' id='word_1_155' title='bbox 1750 2194 2104 2266; x_wconf 72' lang='lat' dir='ltr'><strong>generatione</strong></span> <span class='ocrx_word' id='word_1_156' title='bbox 2135 2210 2277 2250; x_wconf 89' lang='lat' dir='ltr'><strong>sem—</strong></span> 
     </span>
    </p>
   </div>
   <div class='ocr_carea' id='block_1_24' title="bbox 692 2283 2274 2356">
    <p class='ocr_par' dir='ltr' id='par_1_24' title="bbox 692 2283 2274 2356">
     <span class='ocr_line' id='line_1_24' title="bbox 692 2283 2274 2356; baseline 0.004 -23"><span class='ocrx_word' id='word_1_157' title='bbox 692 2299 794 2353; x_wconf 76' lang='lat' dir='ltr'><strong>per</strong></span> <span class='ocrx_word' id='word_1_158' title='bbox 833 2283 1158 2350; x_wconf 90' lang='lat' dir='ltr'><strong>iunovetur;</strong></span> <span class='ocrx_word' id='word_1_159' title='bbox 1207 2294 1319 2338; x_wconf 87' lang='lat' dir='ltr'><strong>tum</strong></span> <span class='ocrx_word' id='word_1_160' title='bbox 1365 2299 1563 2354; x_wconf 85' lang='lat' dir='ltr'><strong>nempe</strong></span> <span class='ocrx_word' id='word_1_161' title='bbox 1601 2285 1897 2340; x_wconf 85' lang='lat' dir='ltr'><strong>salutarem</strong></span> <span class='ocrx_word' id='word_1_162' title='bbox 1937 2287 2274 2356; x_wconf 83' lang='lat' dir='ltr'><strong>voluptatem</strong></span> 
     </span>
    </p>
   </div>
   <div class='ocr_carea' id='block_1_25' title="bbox 693 2376 2276 2441">
    <p class='ocr_par' dir='ltr' id='par_1_25' title="bbox 693 2376 2276 2441">
     <span class='ocr_line' id='line_1_25' title="bbox 693 2376 2276 2441; baseline 0.003 -13"><span class='ocrx_word' id='word_1_163' title='bbox 693 2384 918 2441; x_wconf 86' lang='lat' dir='ltr'><strong>nactus,</strong></span> <span class='ocrx_word' id='word_1_164' title='bbox 958 2384 1071 2430; x_wconf 90' lang='lat' dir='ltr'><strong>tum</strong></span> <span class='ocrx_word' id='word_1_165' title='bbox 1112 2376 1388 2430; x_wconf 87' lang='lat' dir='ltr'><strong>tristitiam</strong></span> <span class='ocrx_word' id='word_1_166' title='bbox 1431 2377 1640 2431; x_wconf 90' lang='lat' dir='ltr'><strong>utilem.</strong></span> <span class='ocrx_word' id='word_1_167' title='bbox 1680 2376 1984 2432; x_wconf 91' lang='lat' dir='ltr'><strong>Tristitiam</strong></span> <span class='ocrx_word' id='word_1_168' title='bbox 2023 2378 2172 2432; x_wconf 90' lang='lat' dir='ltr'><strong>enim</strong></span> <span class='ocrx_word' id='word_1_169' title='bbox 2210 2391 2276 2432; x_wconf 91' lang='lat' dir='ltr'><strong>ac</strong></span> 
     </span>
    </p>
   </div>
   <div class='ocr_carea' id='block_1_26' title="bbox 694 2467 2277 2533">
    <p class='ocr_par' dir='ltr' id='par_1_26' title="bbox 694 2467 2277 2533">
     <span class='ocr_line' id='line_1_26' title="bbox 694 2467 2277 2533; baseline 0.001 -11"><span class='ocrx_word' id='word_1_170' title='bbox 694 2467 942 2522; x_wconf 86' lang='lat' dir='ltr'><strong>dolorem</strong></span> <span class='ocrx_word' id='word_1_171' title='bbox 988 2467 1245 2533; x_wconf 90' lang='lat' dir='ltr'><strong>dicimus,</strong></span> <span class='ocrx_word' id='word_1_172' title='bbox 1285 2484 1396 2523; x_wconf 88' lang='lat' dir='ltr'><strong>non</strong></span> <span class='ocrx_word' id='word_1_173' title='bbox 1440 2468 1831 2524; x_wconf 87' lang='lat' dir='ltr'><strong>abhorrentem</strong></span> <span class='ocrx_word' id='word_1_174' title='bbox 1878 2484 1908 2524; x_wconf 91' lang='lat' dir='ltr'><strong>a</strong></span> <span class='ocrx_word' id='word_1_175' title='bbox 1954 2469 2166 2524; x_wconf 86' lang='lat' dir='ltr'><strong>ratione</strong></span> <span class='ocrx_word' id='word_1_176' title='bbox 2211 2484 2277 2524; x_wconf 88' lang='lat' dir='ltr'><strong>ac</strong></span> 
     </span>
    </p>
   </div>
   <div class='ocr_carea' id='block_1_27' title="bbox 693 2559 2275 2631">
    <p class='ocr_par' dir='ltr' id='par_1_27' title="bbox 693 2559 2275 2631">
     <span class='ocr_line' id='line_1_27' title="bbox 693 2559 2275 2631; baseline 0.001 -17"><span class='ocrx_word' id='word_1_177' title='bbox 693 2559 876 2629; x_wconf 80' lang='lat' dir='ltr'><strong>qualis</strong></span> <span class='ocrx_word' id='word_1_178' title='bbox 912 2560 1061 2631; x_wconf 85' lang='lat' dir='ltr'><strong>vulgi</strong></span> <span class='ocrx_word' id='word_1_179' title='bbox 1103 2561 1208 2626; x_wconf 88' lang='lat' dir='ltr'><strong>sit;</strong></span> <span class='ocrx_word' id='word_1_180' title='bbox 1254 2576 1374 2629; x_wconf 74' lang='lat' dir='ltr'><strong>qua:</strong></span> <span class='ocrx_word' id='word_1_181' title='bbox 1417 2560 1628 2615; x_wconf 90' lang='lat' dir='ltr'><strong>scilicet</strong></span> <span class='ocrx_word' id='word_1_182' title='bbox 1665 2575 1731 2615; x_wconf 92' lang='lat' dir='ltr'><strong>eo</strong></span> <span class='ocrx_word' id='word_1_183' title='bbox 1771 2561 1991 2615; x_wconf 86' lang='lat' dir='ltr'><strong>nomine</strong></span> <span class='ocrx_word' id='word_1_184' title='bbox 2031 2561 2275 2616; x_wconf 89' lang='lat' dir='ltr'><strong>animum</strong></span> 
     </span>
    </p>
   </div>
   <div class='ocr_carea' id='block_1_28' title="bbox 693 2649 2279 2720">
    <p class='ocr_par' dir='ltr' id='par_1_28' title="bbox 693 2649 2279 2720">
     <span class='ocr_line' id='line_1_28' title="bbox 693 2649 2279 2720; baseline 0.002 -16"><span class='ocrx_word' id='word_1_185' title='bbox 693 2665 932 2705; x_wconf 67' lang='lat' dir='ltr'><strong>maerore</strong></span> <span class='ocrx_word' id='word_1_186' title='bbox 958 2649 1208 2706; x_wconf 85' lang='lat' dir='ltr'><strong>conficiat</strong></span> <span class='ocrx_word' id='word_1_187' title='bbox 1241 2666 1304 2704; x_wconf 88' lang='lat' dir='ltr'><strong>ac</strong></span> <span class='ocrx_word' id='word_1_188' title='bbox 1331 2652 1632 2716; x_wconf 82' lang='lat' dir='ltr'><strong>excruciet,</strong></span> <span class='ocrx_word' id='word_1_189' title='bbox 1660 2651 1806 2720; x_wconf 90' lang='lat' dir='ltr'><strong>quod</strong></span> <span class='ocrx_word' id='word_1_190' title='bbox 1841 2651 2068 2707; x_wconf 73' lang='lat' dir='ltr'><strong>affectus</strong></span> <span class='ocrx_word' id='word_1_191' title='bbox 2097 2652 2279 2707; x_wconf 88' lang='lat' dir='ltr'><strong>desint</strong></span> 
     </span>
    </p>
   </div>
   <div class='ocr_carea' id='block_1_29' title="bbox 697 2741 2280 2812">
    <p class='ocr_par' dir='ltr' id='par_1_29' title="bbox 697 2741 2280 2812">
     <span class='ocr_line' id='line_1_29' title="bbox 697 2741 2280 2812; baseline 0.003 -17"><span class='ocrx_word' id='word_1_192' title='bbox 697 2755 764 2795; x_wconf 80' lang='lat' dir='ltr'><strong>ac</strong></span> <span class='ocrx_word' id='word_1_193' title='bbox 808 2741 1096 2805; x_wconf 90' lang='lat' dir='ltr'><strong>libidines,</strong></span> <span class='ocrx_word' id='word_1_194' title='bbox 1132 2757 1235 2798; x_wconf 86' lang='lat' dir='ltr'><strong>nec</strong></span> <span class='ocrx_word' id='word_1_195' title='bbox 1281 2751 1624 2797; x_wconf 86' lang='lat' dir='ltr'><strong>terrenorum</strong></span> <span class='ocrx_word' id='word_1_196' title='bbox 1673 2743 1829 2812; x_wconf 88' lang='lat' dir='ltr'><strong>copia</strong></span> <span class='ocrx_word' id='word_1_197' title='bbox 1875 2742 2086 2810; x_wconf 86' lang='lat' dir='ltr'><strong>allluat;</strong></span> <span class='ocrx_word' id='word_1_198' title='bbox 2128 2745 2280 2800; x_wconf 87' lang='lat' dir='ltr'><strong>velut</strong></span> 
     </span>
    </p>
   </div>
   <div class='ocr_carea' id='block_1_30' title="bbox 697 2831 2280 2907">
    <p class='ocr_par' dir='ltr' id='par_1_30' title="bbox 697 2831 2280 2907">
     <span class='ocr_line' id='line_1_30' title="bbox 697 2831 2280 2907; baseline 0.004 -22"><span class='ocrx_word' id='word_1_199' title='bbox 697 2843 899 2902; x_wconf 84' lang='lat' dir='ltr'><strong>nempe</strong></span> <span class='ocrx_word' id='word_1_200' title='bbox 942 2831 1105 2904; x_wconf 77' lang='lat'><strong>586</strong></span> <span class='ocrx_word' id='word_1_201' title='bbox 1150 2849 1364 2898; x_wconf 90' lang='lat' dir='ltr'><strong>eorum,</strong></span> <span class='ocrx_word' id='word_1_202' title='bbox 1400 2836 1493 2903; x_wconf 85' lang='lat' dir='ltr'><strong>qui</strong></span> <span class='ocrx_word' id='word_1_203' title='bbox 1542 2835 1712 2888; x_wconf 87' lang='lat' dir='ltr'><strong>invita</strong></span> <span class='ocrx_word' id='word_1_204' title='bbox 1758 2844 1974 2900; x_wconf 88' lang='lat' dir='ltr'><strong>natura,</strong></span> <span class='ocrx_word' id='word_1_205' title='bbox 2007 2852 2128 2907; x_wconf 75' lang='lat' dir='ltr'><strong>quae</strong></span> <span class='ocrx_word' id='word_1_206' title='bbox 2169 2852 2280 2892; x_wconf 92' lang='lat' dir='ltr'><strong>non</strong></span> 
     </span>
    </p>
   </div>
   <div class='ocr_carea' id='block_1_31' title="bbox 701 2923 2278 2998">
    <p class='ocr_par' dir='ltr' id='par_1_31' title="bbox 701 2923 2278 2998">
     <span class='ocr_line' id='line_1_31' title="bbox 701 2923 2278 2998; baseline 0.004 -21"><span class='ocrx_word' id='word_1_207' title='bbox 701 2923 912 2987; x_wconf 88' lang='lat' dir='ltr'><strong>deceat,</strong></span> <span class='ocrx_word' id='word_1_208' title='bbox 940 2932 1219 2994; x_wconf 87' lang='lat' dir='ltr'><strong>appetant,</strong></span> <span class='ocrx_word' id='word_1_209' title='bbox 1248 2935 1304 2979; x_wconf 73' lang='lat' dir='ltr'><strong>et</strong></span> <span class='ocrx_word' id='word_1_210' title='bbox 1335 2940 1366 2978; x_wconf 91' lang='lat' dir='ltr'><strong>a</strong></span> <span class='ocrx_word' id='word_1_211' title='bbox 1399 2924 1599 2995; x_wconf 89' lang='lat' dir='ltr'><strong>quibus</strong></span> <span class='ocrx_word' id='word_1_212' title='bbox 1631 2941 1738 2979; x_wconf 93' lang='lat' dir='ltr'><strong>non</strong></span> <span class='ocrx_word' id='word_1_213' title='bbox 1773 2925 1950 2992; x_wconf 88' lang='lat' dir='ltr'><strong>decet,</strong></span> <span class='ocrx_word' id='word_1_214' title='bbox 1980 2927 2278 2998; x_wconf 80' lang='lat' dir='ltr'><strong>refugiant;</strong></span> 
     </span>
    </p>
   </div>
   <div class='ocr_carea' id='block_1_32' title="bbox 699 3013 2282 3086">
    <p class='ocr_par' dir='ltr' id='par_1_32' title="bbox 699 3013 2282 3086">
     <span class='ocr_line' id='line_1_32' title="bbox 699 3013 2282 3086; baseline 0.004 -18"><span class='ocrx_word' id='word_1_215' title='bbox 699 3013 797 3068; x_wconf 88' lang='lat' dir='ltr'><strong>sed</strong></span> <span class='ocrx_word' id='word_1_216' title='bbox 847 3016 1188 3080; x_wconf 85' lang='lat' dir='ltr'><strong>consultam,</strong></span> <span class='ocrx_word' id='word_1_217' title='bbox 1235 3017 1478 3085; x_wconf 78' lang='lat' dir='ltr'><strong>virisque</strong></span> <span class='ocrx_word' id='word_1_218' title='bbox 1522 3016 1707 3070; x_wconf 88' lang='lat' dir='ltr'><strong>divina</strong></span> <span class='ocrx_word' id='word_1_219' title='bbox 1757 3018 2023 3086; x_wconf 90' lang='lat' dir='ltr'><strong>sapientia</strong></span> <span class='ocrx_word' id='word_1_220' title='bbox 2071 3021 2282 3075; x_wconf 89' lang='lat' dir='ltr'><strong>ornatis</strong></span> 
     </span>
    </p>
   </div>
   <div class='ocr_carea' id='block_1_33' title="bbox 2358 545 3976 619">
    <p class='ocr_par' dir='ltr' id='par_1_33' title="bbox 2358 545 3976 619">
     <span class='ocr_line' id='line_1_33' title="bbox 2358 545 3976 619; baseline -0.006 -17"><span class='ocrx_word' id='word_1_221' title='bbox 2358 549 2519 602; x_wconf 78' lang='grc' dir='ltr'><strong>ϐασιν</strong></span> <span class='ocrx_word' id='word_1_222' title='bbox 2569 547 2808 619; x_wconf 83' lang='grc' dir='ltr'><strong>ἐνεφύρη</strong></span> <span class='ocrx_word' id='word_1_223' title='bbox 2859 547 2960 617; x_wconf 82' lang='grc' dir='ltr'><strong>τῆς</strong></span> <span class='ocrx_word' id='word_1_224' title='bbox 3012 548 3290 618; x_wconf 81' lang='grc' dir='ltr'><strong>ἁμαρτίας</strong></span> <span class='ocrx_word' id='word_1_225' title='bbox 3322 548 3350 600; x_wconf 86' lang='grc' dir='ltr'><strong>ὁ</strong></span> <span class='ocrx_word' id='word_1_226' title='bbox 3380 546 3567 612; x_wconf 83' lang='grc' dir='ltr'><strong>νόμος,</strong></span> <span class='ocrx_word' id='word_1_227' title='bbox 3617 545 3761 614; x_wconf 83' lang='grc' dir='ltr'><strong>ὅπερ</strong></span> <span class='ocrx_word' id='word_1_228' title='bbox 3811 545 3976 595; x_wconf 74' lang='grc' dir='ltr'><strong>ἐστὶν</strong></span> 
     </span>
    </p>
   </div>
   <div class='ocr_carea' id='block_1_34' title="bbox 2357 633 3975 711">
    <p class='ocr_par' dir='ltr' id='par_1_34' title="bbox 2357 633 3975 711">
     <span class='ocr_line' id='line_1_34' title="bbox 2357 633 3975 711; baseline -0.006 -18"><span class='ocrx_word' id='word_1_229' title='bbox 2357 642 2394 711; x_wconf 77' lang='grc' dir='ltr'><strong>ἡ</strong></span> <span class='ocrx_word' id='word_1_230' title='bbox 2422 638 2542 693; x_wconf 82' lang='grc' dir='ltr'><strong>κατ’</strong></span> <span class='ocrx_word' id='word_1_231' title='bbox 2573 639 2829 710; x_wconf 80' lang='grc' dir='ltr'><strong>αἴσθησιν</strong></span> <span class='ocrx_word' id='word_1_232' title='bbox 2856 639 3042 711; x_wconf 80' lang='grc' dir='ltr'><strong>ἡδονὴ,</strong></span> <span class='ocrx_word' id='word_1_233' title='bbox 3087 640 3157 693; x_wconf 84' lang='grc' dir='ltr'><strong>δι’</strong></span> <span class='ocrx_word' id='word_1_234' title='bbox 3203 638 3272 710; x_wconf 78' lang='grc' dir='ltr'>ἠν</span> <span class='ocrx_word' id='word_1_235' title='bbox 3304 637 3394 692; x_wconf 72' lang='grc' dir='ltr'><strong>διὰ</strong></span> <span class='ocrx_word' id='word_1_236' title='bbox 3427 636 3605 690; x_wconf 86' lang='grc' dir='ltr'><strong>πόνων</strong></span> <span class='ocrx_word' id='word_1_237' title='bbox 3643 633 3975 704; x_wconf 73' lang='grc' dir='ltr'><strong>κατεκρίθη</strong></span> 
     </span>
    </p>
   </div>
   <div class='ocr_carea' id='block_1_35' title="bbox 2358 725 3976 803">
    <p class='ocr_par' dir='ltr' id='par_1_35' title="bbox 2358 725 3976 803">
     <span class='ocr_line' id='line_1_35' title="bbox 2358 725 3976 803; baseline -0.005 -19"><span class='ocrx_word' id='word_1_238' title='bbox 2358 733 2455 803; x_wconf 85' lang='grc' dir='ltr'><strong>τῆς</strong></span> <span class='ocrx_word' id='word_1_239' title='bbox 2489 731 2689 801; x_wconf 84' lang='grc' dir='ltr'><strong>σαρκὸς</strong></span> <span class='ocrx_word' id='word_1_240' title='bbox 2721 731 2750 783; x_wconf 81' lang='grc' dir='ltr'>ὁ</span> <span class='ocrx_word' id='word_1_241' title='bbox 2782 730 3036 794; x_wconf 86' lang='grc' dir='ltr'><strong>θάνατος,</strong></span> <span class='ocrx_word' id='word_1_242' title='bbox 3057 731 3138 794; x_wconf 70' lang='grc' dir='ltr'><strong>εἰς</strong></span> <span class='ocrx_word' id='word_1_243' title='bbox 3164 730 3263 800; x_wconf 80' lang='grc' dir='ltr'><strong>τὴν</strong></span> <span class='ocrx_word' id='word_1_244' title='bbox 3284 729 3382 783; x_wconf 74' lang='grc' dir='ltr'><strong>τοῦ</strong></span> <span class='ocrx_word' id='word_1_245' title='bbox 3417 728 3583 799; x_wconf 90' lang='grc' dir='ltr'><strong>νόμου</strong></span> <span class='ocrx_word' id='word_1_246' title='bbox 3610 727 3718 796; x_wconf 81' lang='grc' dir='ltr'><strong>τῆς</strong></span> <span class='ocrx_word' id='word_1_247' title='bbox 3749 725 3976 793; x_wconf 65' lang='grc' dir='ltr'><strong>σαρκὸς</strong></span> 
     </span>
    </p>
   </div>
   <div class='ocr_carea' id='block_1_36' title="bbox 2358 818 3976 907">
    <p class='ocr_par' dir='ltr' id='par_1_36' title="bbox 2358 818 3976 907">
     <span class='ocr_line' id='line_1_36' title="bbox 2358 818 3976 907; baseline -0.008 -28"><span class='ocrx_word' id='word_1_248' title='bbox 2358 823 2640 893; x_wconf 83' lang='grc' dir='ltr'><strong>ἀναίρεσιν</strong></span> <span class='ocrx_word' id='word_1_249' title='bbox 2675 824 3129 907; x_wconf 83' lang='grc' dir='ltr'><strong>ἐπινενοημένος,</strong></span> <span class='ocrx_word' id='word_1_250' title='bbox 3187 825 3218 874; x_wconf 82' lang='grc' dir='ltr'><strong>ὁ</strong></span> <span class='ocrx_word' id='word_1_251' title='bbox 3265 822 3520 890; x_wconf 79' lang='grc' dir='ltr'><strong>διαγνοὺς</strong></span> <span class='ocrx_word' id='word_1_252' title='bbox 3567 820 3654 873; x_wconf 85' lang='grc' dir='ltr'><strong>ὃτι</strong></span> <span class='ocrx_word' id='word_1_253' title='bbox 3705 818 3806 872; x_wconf 76' lang='grc' dir='ltr'><strong>διὰ</strong></span> <span class='ocrx_word' id='word_1_254' title='bbox 3867 823 3976 907; x_wconf 71' lang='grc' dir='ltr'><strong>τὴν</strong></span> 
     </span>
    </p>
   </div>
   <div class='ocr_carea' id='block_1_37' title="bbox 2358 905 3972 986">
    <p class='ocr_par' dir='ltr' id='par_1_37' title="bbox 2358 905 3972 986">
     <span class='ocr_line' id='line_1_37' title="bbox 2358 905 3972 986; baseline -0.006 -17"><span class='ocrx_word' id='word_1_255' title='bbox 2358 915 2638 986; x_wconf 74' lang='grc' dir='ltr'><strong>ἁμαρτίαν</strong></span> <span class='ocrx_word' id='word_1_256' title='bbox 2670 915 2751 978; x_wconf 73' lang='grc' dir='ltr'><strong>εἰς</strong></span> <span class='ocrx_word' id='word_1_257' title='bbox 2776 914 2874 984; x_wconf 83' lang='grc' dir='ltr'><strong>τὴν</strong></span> <span class='ocrx_word' id='word_1_258' title='bbox 2903 905 3076 984; x_wconf 71' lang='grc' dir='ltr'><strong>αὐτῆς</strong></span> <span class='ocrx_word' id='word_1_259' title='bbox 3115 913 3396 984; x_wconf 79' lang='grc' dir='ltr'><strong>ἀναίρεσιν</strong></span> <span class='ocrx_word' id='word_1_260' title='bbox 3430 909 3758 981; x_wconf 75' lang='grc' dir='ltr'><strong>ἐπεισῆλθεν</strong></span> <span class='ocrx_word' id='word_1_261' title='bbox 3793 909 3828 961; x_wconf 82' lang='grc' dir='ltr'><strong>ὁ</strong></span> <span class='ocrx_word' id='word_1_262' title='bbox 3867 905 3972 960; x_wconf 80' lang='grc' dir='ltr'><strong>θά-</strong></span> 
     </span>
    </p>
   </div>
   <div class='ocr_carea' id='block_1_38' title="bbox 2359 1001 3967 1076">
    <p class='ocr_par' dir='ltr' id='par_1_38' title="bbox 2359 1001 3967 1076">
     <span class='ocr_line' id='line_1_38' title="bbox 2359 1001 3967 1076; baseline -0.004 -18"><span class='ocrx_word' id='word_1_263' title='bbox 2359 1021 2539 1070; x_wconf 85' lang='grc' dir='ltr'><strong>νατος,</strong></span> <span class='ocrx_word' id='word_1_264' title='bbox 2567 1004 2653 1058; x_wconf 74' lang='grc' dir='ltr'><strong>ἀεὶ</strong></span> <span class='ocrx_word' id='word_1_265' title='bbox 2686 1005 2980 1076; x_wconf 78' lang='grc' dir='ltr'><strong>χαέρουσαν</strong></span> <span class='ocrx_word' id='word_1_266' title='bbox 3005 1003 3122 1074; x_wconf 74' lang='grc' dir='ltr'><strong>ἔχει</strong></span> <span class='ocrx_word' id='word_1_267' title='bbox 3141 1005 3239 1075; x_wconf 85' lang='grc' dir='ltr'><strong>τὴν</strong></span> <span class='ocrx_word' id='word_1_268' title='bbox 3263 1003 3464 1074; x_wconf 83' lang='grc' dir='ltr'><strong>ψυχὴν,</strong></span> <span class='ocrx_word' id='word_1_269' title='bbox 3501 1002 3589 1056; x_wconf 82' lang='grc' dir='ltr'><strong>διὰ</strong></span> <span class='ocrx_word' id='word_1_270' title='bbox 3619 1001 3811 1054; x_wconf 81' lang='grc' dir='ltr'><strong>πόνων</strong></span> <span class='ocrx_word' id='word_1_271' title='bbox 3838 1016 3967 1052; x_wconf 76' lang='grc' dir='ltr'><strong>ποι-</strong></span> 
     </span>
    </p>
   </div>
   <div class='ocr_carea' id='block_1_39' title="bbox 2361 1090 3964 1167">
    <p class='ocr_par' dir='ltr' id='par_1_39' title="bbox 2361 1090 3964 1167">
     <span class='ocr_line' id='line_1_39' title="bbox 2361 1090 3964 1167; baseline -0.004 -16"><span class='ocrx_word' id='word_1_272' title='bbox 2361 1097 2528 1151; x_wconf 77' lang='grc' dir='ltr'><strong>κίλων</strong></span> <span class='ocrx_word' id='word_1_273' title='bbox 2578 1096 2859 1167; x_wconf 81' lang='grc' dir='ltr'><strong>θεωμένην</strong></span> <span class='ocrx_word' id='word_1_274' title='bbox 2903 1096 3296 1166; x_wconf 81' lang='grc' dir='ltr'><strong>ἀπογινόμενον</strong></span> <span class='ocrx_word' id='word_1_275' title='bbox 3334 1095 3435 1164; x_wconf 84' lang='grc' dir='ltr'><strong>τῆς</strong></span> <span class='ocrx_word' id='word_1_276' title='bbox 3490 1092 3702 1156; x_wconf 69' lang='grc' dir='ltr'><strong>οἰκείας</strong></span> <span class='ocrx_word' id='word_1_277' title='bbox 3743 1090 3964 1160; x_wconf 73' lang='grc' dir='ltr'><strong>σαρκὸς</strong></span> 
     </span>
    </p>
   </div>
   <div class='ocr_carea' id='block_1_40' title="bbox 2360 1179 3976 1257">
    <p class='ocr_par' dir='ltr' id='par_1_40' title="bbox 2360 1179 3976 1257">
     <span class='ocr_line' id='line_1_40' title="bbox 2360 1179 3976 1257; baseline -0.006 -15"><span class='ocrx_word' id='word_1_278' title='bbox 2360 1188 2454 1242; x_wconf 79' lang='grc' dir='ltr'><strong>τὸν</strong></span> <span class='ocrx_word' id='word_1_279' title='bbox 2482 1187 2647 1257; x_wconf 91' lang='grc' dir='ltr'><strong>νόμον</strong></span> <span class='ocrx_word' id='word_1_280' title='bbox 2685 1187 2785 1256; x_wconf 84' lang='grc' dir='ltr'><strong>τῆς</strong></span> <span class='ocrx_word' id='word_1_281' title='bbox 2809 1186 3105 1256; x_wconf 78' lang='grc' dir='ltr'><strong>ἁμαρτιας.</strong></span> <span class='ocrx_word' id='word_1_282' title='bbox 3142 1186 3278 1256; x_wconf 80' lang='grc' dir='ltr'><strong>πρὸς</strong></span> <span class='ocrx_word' id='word_1_283' title='bbox 3308 1183 3578 1255; x_wconf 80' lang='grc' dir='ltr'><strong>ὑποδοχὴν</strong></span> <span class='ocrx_word' id='word_1_284' title='bbox 3603 1182 3710 1252; x_wconf 86' lang='grc' dir='ltr'><strong>τῆς</strong></span> <span class='ocrx_word' id='word_1_285' title='bbox 3740 1179 3976 1252; x_wconf 83' lang='grc' dir='ltr'><strong>μελλού·</strong></span> 
     </span>
    </p>
   </div>
   <div class='ocr_carea' id='block_1_41' title="bbox 2365 1269 3973 1350">
    <p class='ocr_par' dir='ltr' id='par_1_41' title="bbox 2365 1269 3973 1350">
     <span class='ocr_line' id='line_1_41' title="bbox 2365 1269 3973 1350; baseline -0.008 -16"><span class='ocrx_word' id='word_1_286' title='bbox 2365 1296 2466 1350; x_wconf 78' lang='grc' dir='ltr'><strong>σης</strong></span> <span class='ocrx_word' id='word_1_287' title='bbox 2505 1280 2563 1331; x_wconf 88' lang='grc' dir='ltr'><strong>ἐν</strong></span> <span class='ocrx_word' id='word_1_288' title='bbox 2591 1277 2868 1349; x_wconf 88' lang='grc' dir='ltr'><strong>πνεύματι</strong></span> <span class='ocrx_word' id='word_1_289' title='bbox 2896 1276 3173 1347; x_wconf 74' lang='grc' dir='ltr'><strong>μακαρίας</strong></span> <span class='ocrx_word' id='word_1_290' title='bbox 3205 1275 3377 1346; x_wconf 79' lang='grc' dir='ltr'><strong>ζωῆς,</strong></span> <span class='ocrx_word' id='word_1_291' title='bbox 3405 1270 3473 1346; x_wconf 87' lang='grc' dir='ltr'><strong>ἦς</strong></span> <span class='ocrx_word' id='word_1_292' title='bbox 3505 1273 3683 1335; x_wconf 83' lang='grc' dir='ltr'><strong>άλλως</strong></span> <span class='ocrx_word' id='word_1_293' title='bbox 3710 1270 3818 1325; x_wconf 82' lang='grc' dir='ltr'><strong>οὐκ</strong></span> <span class='ocrx_word' id='word_1_294' title='bbox 3851 1269 3973 1323; x_wconf 72' lang='grc' dir='ltr'><strong>ἐστι</strong></span> 
     </span>
    </p>
   </div>
   <div class='ocr_carea' id='block_1_42' title="bbox 2364 1363 3974 1442">
    <p class='ocr_par' dir='ltr' id='par_1_42' title="bbox 2364 1363 3974 1442">
     <span class='ocr_line' id='line_1_42' title="bbox 2364 1363 3974 1442; baseline -0.007 -17"><span class='ocrx_word' id='word_1_295' title='bbox 2364 1373 2566 1442; x_wconf 83' lang='grc' dir='ltr'><strong>τυχεῖν,</strong></span> <span class='ocrx_word' id='word_1_296' title='bbox 2609 1371 2686 1442; x_wconf 78' lang='grc' dir='ltr'><strong>μὴ</strong></span> <span class='ocrx_word' id='word_1_297' title='bbox 2741 1370 3011 1441; x_wconf 84' lang='grc' dir='ltr'><strong>πρότερον</strong></span> <span class='ocrx_word' id='word_1_298' title='bbox 3032 1367 3377 1430; x_wconf 72' lang='grc' dir='ltr'><strong>ικενωθέντος</strong></span> <span class='ocrx_word' id='word_1_299' title='bbox 3412 1367 3489 1430; x_wconf 82' lang='grc' dir='ltr'><strong>ὡς</strong></span> <span class='ocrx_word' id='word_1_300' title='bbox 3528 1365 3591 1430; x_wconf 82' lang='grc' dir='ltr'><strong>ἐξ</strong></span> <span class='ocrx_word' id='word_1_301' title='bbox 3618 1363 3856 1433; x_wconf 78' lang='grc' dir='ltr'><strong>ἀγγείου</strong></span> <span class='ocrx_word' id='word_1_302' title='bbox 3887 1379 3974 1415; x_wconf 82' lang='grc' dir='ltr'><strong>τι-</strong></span> 
     </span>
    </p>
   </div>
   <div class='ocr_carea' id='block_1_43' title="bbox 2364 1454 3969 1533">
    <p class='ocr_par' dir='ltr' id='par_1_43' title="bbox 2364 1454 3969 1533">
     <span class='ocr_line' id='line_1_43' title="bbox 2364 1454 3969 1533; baseline -0.007 -17"><span class='ocrx_word' id='word_1_303' title='bbox 2364 1463 2450 1523; x_wconf 83' lang='grc' dir='ltr'><strong>νδς</strong></span> <span class='ocrx_word' id='word_1_304' title='bbox 2473 1479 2573 1533; x_wconf 90' lang='grc' dir='ltr'><strong>της</strong></span> <span class='ocrx_word' id='word_1_305' title='bbox 2603 1461 2807 1532; x_wconf 86' lang='grc' dir='ltr'><strong>σαρκὸς</strong></span> <span class='ocrx_word' id='word_1_306' title='bbox 2839 1462 2898 1514; x_wconf 80' lang='grc' dir='ltr'><strong>ἐν</strong></span> <span class='ocrx_word' id='word_1_307' title='bbox 2937 1461 3006 1530; x_wconf 81' lang='grc' dir='ltr'><strong>τῇ</strong></span> <span class='ocrx_word' id='word_1_308' title='bbox 3037 1457 3293 1532; x_wconf 79' lang='grc' dir='ltr'><strong>παρούσῃ</strong></span> <span class='ocrx_word' id='word_1_309' title='bbox 3320 1458 3456 1529; x_wconf 81' lang='grc' dir='ltr'><strong>ζωῇ,</strong></span> <span class='ocrx_word' id='word_1_310' title='bbox 3497 1455 3641 1512; x_wconf 79' lang='grc' dir='ltr'><strong>κατὰ</strong></span> <span class='ocrx_word' id='word_1_311' title='bbox 3669 1456 3776 1524; x_wconf 79' lang='grc' dir='ltr'><strong>τὴν</strong></span> <span class='ocrx_word' id='word_1_312' title='bbox 3819 1454 3969 1523; x_wconf 76' lang='grc' dir='ltr'><strong>πρὸς</strong></span> 
     </span>
    </p>
   </div>
   <div class='ocr_carea' id='block_1_44' title="bbox 2365 1547 3967 1628">
    <p class='ocr_par' dir='ltr' id='par_1_44' title="bbox 2365 1547 3967 1628">
     <span class='ocr_line' id='line_1_44' title="bbox 2365 1547 3967 1628; baseline -0.006 -19"><span class='ocrx_word' id='word_1_313' title='bbox 2365 1555 2536 1628; x_wconf 80' lang='grc' dir='ltr'><strong>αὐτὴν</strong></span> <span class='ocrx_word' id='word_1_314' title='bbox 2582 1554 2770 1626; x_wconf 81' lang='grc' dir='ltr'><strong>σχέσιν</strong></span> <span class='ocrx_word' id='word_1_315' title='bbox 2821 1553 2924 1625; x_wconf 81' lang='grc' dir='ltr'><strong>τῆς</strong></span> <span class='ocrx_word' id='word_1_316' title='bbox 2961 1552 3213 1622; x_wconf 83' lang='grc' dir='ltr'><strong>γνώμης,</strong></span> <span class='ocrx_word' id='word_1_317' title='bbox 3257 1549 3352 1604; x_wconf 80' lang='grc' dir='ltr'><strong>τοῦ</strong></span> <span class='ocrx_word' id='word_1_318' title='bbox 3403 1550 3569 1620; x_wconf 90' lang='grc' dir='ltr'><strong>νόμου</strong></span> <span class='ocrx_word' id='word_1_319' title='bbox 3613 1547 3719 1616; x_wconf 78' lang='grc' dir='ltr'><strong>τῆς</strong></span> <span class='ocrx_word' id='word_1_320' title='bbox 3767 1548 3967 1617; x_wconf 75' lang='grc' dir='ltr'><strong>ἁμαρο</strong></span> 
     </span>
    </p>
   </div>
   <div class='ocr_carea' id='block_1_45' title="bbox 2367 1668 2506 1714">
    <p class='ocr_par' dir='ltr' id='par_1_45' title="bbox 2367 1668 2506 1714">
     <span class='ocr_line' id='line_1_45' title="bbox 2367 1668 2506 1714; baseline -0.014 -8"><span class='ocrx_word' id='word_1_321' title='bbox 2367 1668 2506 1714; x_wconf 82' lang='grc' dir='ltr'><strong>τιας.</strong></span> 
     </span>
    </p>
   </div>
   <div class='ocr_carea' id='block_1_46' title="bbox 2445 1725 3970 1812">
    <p class='ocr_par' dir='ltr' id='par_1_46' title="bbox 2445 1725 3970 1812">
     <span class='ocr_line' id='line_1_46' title="bbox 2445 1725 3970 1812; baseline -0.012 -15"><span class='ocrx_word' id='word_1_322' title='bbox 2445 1751 2496 1796; x_wconf 90' lang='lat' dir='ltr'><strong>t&#39;.</strong></span> <span class='ocrx_word' id='word_1_323' title='bbox 2543 1741 2602 1795; x_wconf 85' lang='grc' dir='ltr'>Ὀ</span> <span class='ocrx_word' id='word_1_324' title='bbox 2642 1741 2710 1812; x_wconf 77' lang='grc' dir='ltr'><strong>τῇ</strong></span> <span class='ocrx_word' id='word_1_325' title='bbox 2736 1739 2909 1811; x_wconf 81' lang='grc' dir='ltr'><strong>άρετῇ</strong></span> <span class='ocrx_word' id='word_1_326' title='bbox 2948 1735 3092 1792; x_wconf 85' lang='grc' dir='ltr'><strong>κατά</strong></span> <span class='ocrx_word' id='word_1_327' title='bbox 3131 1735 3312 1806; x_wconf 79' lang='grc' dir='ltr'><strong>σάρκα</strong></span> <span class='ocrx_word' id='word_1_328' title='bbox 3343 1731 3433 1787; x_wconf 85' lang='grc' dir='ltr'><strong>διά</strong></span> <span class='ocrx_word' id='word_1_329' title='bbox 3462 1732 3594 1795; x_wconf 75' lang='grc' dir='ltr'><strong>τοὺς</strong></span> <span class='ocrx_word' id='word_1_330' title='bbox 3633 1728 3846 1790; x_wconf 80' lang='grc' dir='ltr'><strong>πόνους</strong></span> <span class='ocrx_word' id='word_1_331' title='bbox 3874 1725 3970 1778; x_wconf 81' lang='grc' dir='ltr'><strong>λυ-</strong></span> 
     </span>
    </p>
   </div>
   <div class='ocr_carea' id='block_1_47' title="bbox 2372 1816 3970 1905">
    <p class='ocr_par' dir='ltr' id='par_1_47' title="bbox 2372 1816 3970 1905">
     <span class='ocr_line' id='line_1_47' title="bbox 2372 1816 3970 1905; baseline -0.006 -16"><span class='ocrx_word' id='word_1_332' title='bbox 2372 1835 2664 1905; x_wconf 85' lang='grc' dir='ltr'><strong>πούμενος,</strong></span> <span class='ocrx_word' id='word_1_333' title='bbox 2707 1835 2769 1886; x_wconf 88' lang='grc' dir='ltr'><strong>ἐν</strong></span> <span class='ocrx_word' id='word_1_334' title='bbox 2818 1831 2956 1900; x_wconf 81' lang='grc' dir='ltr'><strong>αὐτῇ</strong></span> <span class='ocrx_word' id='word_1_335' title='bbox 3005 1827 3188 1899; x_wconf 71' lang='grc' dir='ltr'><strong>χαίρει</strong></span> <span class='ocrx_word' id='word_1_336' title='bbox 3235 1829 3303 1896; x_wconf 84' lang='grc' dir='ltr'><strong>τῇ</strong></span> <span class='ocrx_word' id='word_1_337' title='bbox 3337 1825 3511 1894; x_wconf 75' lang='grc' dir='ltr'><strong>ἀρετῇ</strong></span> <span class='ocrx_word' id='word_1_338' title='bbox 3562 1818 3707 1876; x_wconf 78' lang='grc' dir='ltr'><strong>κατὰ</strong></span> <span class='ocrx_word' id='word_1_339' title='bbox 3754 1816 3970 1888; x_wconf 68' lang='grc' dir='ltr'><strong>ψυχὴν.</strong></span> 
     </span>
    </p>
   </div>
   <div class='ocr_carea' id='block_1_48' title="bbox 2370 1909 3969 1997">
    <p class='ocr_par' dir='ltr' id='par_1_48' title="bbox 2370 1909 3969 1997">
     <span class='ocr_line' id='line_1_48' title="bbox 2370 1909 3969 1997; baseline -0.013 -15"><span class='ocrx_word' id='word_1_340' title='bbox 2370 1929 2448 1992; x_wconf 85' lang='grc' dir='ltr'><strong>ὡς</strong></span> <span class='ocrx_word' id='word_1_341' title='bbox 2486 1924 2771 1997; x_wconf 81' lang='grc' dir='ltr'><strong>παροῦσαν</strong></span> <span class='ocrx_word' id='word_1_342' title='bbox 2811 1923 3082 1993; x_wconf 81' lang='grc' dir='ltr'><strong>θεώμενος</strong></span> <span class='ocrx_word' id='word_1_343' title='bbox 3115 1919 3214 1990; x_wconf 84' lang='grc' dir='ltr'><strong>τὴν</strong></span> <span class='ocrx_word' id='word_1_344' title='bbox 3248 1917 3358 1973; x_wconf 86' lang='grc' dir='ltr'><strong>τῶν</strong></span> <span class='ocrx_word' id='word_1_345' title='bbox 3399 1915 3707 1986; x_wconf 77' lang='grc' dir='ltr'><strong>μελλόντων</strong></span> <span class='ocrx_word' id='word_1_346' title='bbox 3755 1909 3969 1978; x_wconf 82' lang='grc' dir='ltr'><strong>εὐπρέ-</strong></span> 
     </span>
    </p>
   </div>
   <div class='ocr_carea' id='block_1_49' title="bbox 2372 2000 3970 2089">
    <p class='ocr_par' dir='ltr' id='par_1_49' title="bbox 2372 2000 3970 2089">
     <span class='ocr_line' id='line_1_49' title="bbox 2372 2000 3970 2089; baseline -0.013 -14"><span class='ocrx_word' id='word_1_347' title='bbox 2372 2037 2554 2074; x_wconf 83' lang='grc' dir='ltr'><strong>πειαν·</strong></span> <span class='ocrx_word' id='word_1_348' title='bbox 2575 2019 2715 2089; x_wconf 78' lang='grc' dir='ltr'><strong>ὑπὲρ</strong></span> <span class='ocrx_word' id='word_1_349' title='bbox 2737 2011 2827 2088; x_wconf 83' lang='grc' dir='ltr'><strong>ἧς.</strong></span> <span class='ocrx_word' id='word_1_350' title='bbox 2848 2013 2991 2069; x_wconf 82' lang='grc' dir='ltr'><strong>κατά</strong></span> <span class='ocrx_word' id='word_1_351' title='bbox 3017 2013 3107 2067; x_wconf 81' lang='grc' dir='ltr'><strong>τὸν</strong></span> <span class='ocrx_word' id='word_1_352' title='bbox 3144 2011 3318 2082; x_wconf 82' lang='grc' dir='ltr'><strong>μέγαν</strong></span> <span class='ocrx_word' id='word_1_353' title='bbox 3339 2008 3526 2072; x_wconf 75' lang='grc' dir='ltr'><strong>Δαϐὶδ,</strong></span> <span class='ocrx_word' id='word_1_354' title='bbox 3558 2007 3627 2078; x_wconf 74' lang='grc' dir='ltr'><strong>τῇ</strong></span> <span class='ocrx_word' id='word_1_355' title='bbox 3649 2003 3799 2059; x_wconf 80' lang='grc' dir='ltr'><strong>κατὰ</strong></span> <span class='ocrx_word' id='word_1_356' title='bbox 3824 2000 3970 2070; x_wconf 79' lang='grc' dir='ltr'><strong>γνώ-</strong></span> 
     </span>
    </p>
   </div>
   <div class='ocr_carea' id='block_1_50' title="bbox 2377 2095 3976 2184">
    <p class='ocr_par' dir='ltr' id='par_1_50' title="bbox 2377 2095 3976 2184">
     <span class='ocr_line' id='line_1_50' title="bbox 2377 2095 3976 2184; baseline -0.013 -17"><span class='ocrx_word' id='word_1_357' title='bbox 2377 2130 2485 2184; x_wconf 84' lang='grc' dir='ltr'><strong>μην</strong></span> <span class='ocrx_word' id='word_1_358' title='bbox 2515 2110 2840 2180; x_wconf 89' lang='grc' dir='ltr'><strong>άπογενέσει</strong></span> <span class='ocrx_word' id='word_1_359' title='bbox 2874 2108 2974 2178; x_wconf 85' lang='grc' dir='ltr'><strong>τῆς</strong></span> <span class='ocrx_word' id='word_1_360' title='bbox 3009 2105 3235 2177; x_wconf 77' lang='grc' dir='ltr'><strong>σαρκὸς,</strong></span> <span class='ocrx_word' id='word_1_361' title='bbox 3277 2101 3401 2157; x_wconf 80' lang='grc' dir='ltr'><strong>καθ’</strong></span> <span class='ocrx_word' id='word_1_362' title='bbox 3439 2101 3677 2170; x_wconf 85' lang='grc' dir='ltr'><strong>ἐκάστην</strong></span> <span class='ocrx_word' id='word_1_363' title='bbox 3717 2095 3976 2165; x_wconf 80' lang='grc' dir='ltr'><strong>ἀποθνή-</strong></span> 
     </span>
    </p>
   </div>
   <div class='ocr_carea' id='block_1_51' title="bbox 2375 2188 3974 2272">
    <p class='ocr_par' dir='ltr' id='par_1_51' title="bbox 2375 2188 3974 2272">
     <span class='ocr_line' id='line_1_51' title="bbox 2375 2188 3974 2272; baseline -0.011 -15"><span class='ocrx_word' id='word_1_364' title='bbox 2375 2221 2497 2257; x_wconf 89' lang='grc' dir='ltr'><strong>σκει</strong></span> <span class='ocrx_word' id='word_1_365' title='bbox 2532 2200 2634 2272; x_wconf 84' lang='grc' dir='ltr'><strong>τὴν</strong></span> <span class='ocrx_word' id='word_1_366' title='bbox 2664 2201 2899 2272; x_wconf 78' lang='grc' dir='ltr'><strong>ἡμέραν,</strong></span> <span class='ocrx_word' id='word_1_367' title='bbox 2930 2201 2960 2253; x_wconf 85' lang='grc' dir='ltr'><strong>ό</strong></span> <span class='ocrx_word' id='word_1_368' title='bbox 3009 2196 3154 2252; x_wconf 85' lang='grc' dir='ltr'><strong>κατὰ</strong></span> <span class='ocrx_word' id='word_1_369' title='bbox 3199 2195 3298 2266; x_wconf 85' lang='grc' dir='ltr'><strong>τὴν</strong></span> <span class='ocrx_word' id='word_1_370' title='bbox 3328 2195 3430 2265; x_wconf 84' lang='grc' dir='ltr'><strong>τῆς</strong></span> <span class='ocrx_word' id='word_1_371' title='bbox 3466 2192 3646 2263; x_wconf 74' lang='grc' dir='ltr'><strong>ψυχῆς</strong></span> <span class='ocrx_word' id='word_1_372' title='bbox 3687 2193 3751 2244; x_wconf 69' lang='grc' dir='ltr'><strong>ἐν</strong></span> <span class='ocrx_word' id='word_1_373' title='bbox 3797 2188 3974 2242; x_wconf 83' lang='grc' dir='ltr'><strong>πνεύ-</strong></span> 
     </span>
    </p>
   </div>
   <div class='ocr_carea' id='block_1_52' title="bbox 2376 2280 3975 2367">
    <p class='ocr_par' dir='ltr' id='par_1_52' title="bbox 2376 2280 3975 2367">
     <span class='ocr_line' id='line_1_52' title="bbox 2376 2280 3975 2367; baseline -0.011 -17"><span class='ocrx_word' id='word_1_374' title='bbox 2376 2313 2510 2367; x_wconf 87' lang='grc' dir='ltr'><strong>ματι</strong></span> <span class='ocrx_word' id='word_1_375' title='bbox 2548 2293 2764 2363; x_wconf 87' lang='grc' dir='ltr'><strong>γένεσιν</strong></span> <span class='ocrx_word' id='word_1_376' title='bbox 2802 2292 2893 2346; x_wconf 81' lang='grc' dir='ltr'><strong>ἀεὶ</strong></span> <span class='ocrx_word' id='word_1_377' title='bbox 2918 2289 3317 2360; x_wconf 81' lang='grc' dir='ltr'><strong>καινιζόμενος,</strong></span> <span class='ocrx_word' id='word_1_378' title='bbox 3351 2285 3448 2341; x_wconf 71' lang='grc' dir='ltr'><strong>ἅτε</strong></span> <span class='ocrx_word' id='word_1_379' title='bbox 3484 2285 3550 2354; x_wconf 80' lang='grc' dir='ltr'><strong>δὴ</strong></span> <span class='ocrx_word' id='word_1_380' title='bbox 3588 2285 3684 2338; x_wconf 74' lang='grc' dir='ltr'><strong>καὶ</strong></span> <span class='ocrx_word' id='word_1_381' title='bbox 3710 2281 3816 2353; x_wconf 79' lang='grc' dir='ltr'><strong>τὴν</strong></span> <span class='ocrx_word' id='word_1_382' title='bbox 3841 2280 3975 2351; x_wconf 75' lang='grc' dir='ltr'><strong>ἠδο-</strong></span> 
     </span>
    </p>
   </div>
   <div class='ocr_carea' id='block_1_53' title="bbox 2377 2373 3977 2458">
    <p class='ocr_par' dir='ltr' id='par_1_53' title="bbox 2377 2373 3977 2458">
     <span class='ocr_line' id='line_1_53' title="bbox 2377 2373 3977 2458; baseline -0.011 -16"><span class='ocrx_word' id='word_1_383' title='bbox 2377 2388 2473 2458; x_wconf 85' lang='grc' dir='ltr'><strong>νὴν</strong></span> <span class='ocrx_word' id='word_1_384' title='bbox 2497 2386 2639 2458; x_wconf 76' lang='grc' dir='ltr'><strong>ἔχων</strong></span> <span class='ocrx_word' id='word_1_385' title='bbox 2671 2385 2960 2452; x_wconf 84' lang='grc' dir='ltr'><strong>σωτήριον,</strong></span> <span class='ocrx_word' id='word_1_386' title='bbox 2989 2382 3086 2436; x_wconf 77' lang='grc' dir='ltr'><strong>καὶ</strong></span> <span class='ocrx_word' id='word_1_387' title='bbox 3107 2382 3207 2452; x_wconf 82' lang='grc' dir='ltr'><strong>τὴν</strong></span> <span class='ocrx_word' id='word_1_388' title='bbox 3233 2379 3410 2449; x_wconf 82' lang='grc' dir='ltr'><strong>λύπην</strong></span> <span class='ocrx_word' id='word_1_389' title='bbox 3437 2377 3737 2446; x_wconf 85' lang='grc' dir='ltr'><strong>ὠφέλιμον.</strong></span> <span class='ocrx_word' id='word_1_390' title='bbox 3769 2373 3977 2443; x_wconf 76' lang='grc' dir='ltr'><strong>Λύπην</strong></span> 
     </span>
    </p>
   </div>
   <div class='ocr_carea' id='block_1_54' title="bbox 2377 2464 3977 2549">
    <p class='ocr_par' dir='ltr' id='par_1_54' title="bbox 2377 2464 3977 2549">
     <span class='ocr_line' id='line_1_54' title="bbox 2377 2464 3977 2549; baseline -0.009 -17"><span class='ocrx_word' id='word_1_391' title='bbox 2377 2479 2488 2548; x_wconf 87' lang='grc' dir='ltr'><strong>γάρ</strong></span> <span class='ocrx_word' id='word_1_392' title='bbox 2517 2495 2720 2549; x_wconf 85' lang='grc' dir='ltr'><strong>φαμεν,</strong></span> <span class='ocrx_word' id='word_1_393' title='bbox 2756 2475 2818 2528; x_wconf 85' lang='grc' dir='ltr'><strong>ού</strong></span> <span class='ocrx_word' id='word_1_394' title='bbox 2859 2475 2961 2546; x_wconf 73' lang='grc' dir='ltr'><strong>τὴν</strong></span> <span class='ocrx_word' id='word_1_395' title='bbox 2991 2472 3299 2542; x_wconf 83' lang='grc' dir='ltr'><strong>παράλογον</strong></span> <span class='ocrx_word' id='word_1_396' title='bbox 3330 2471 3424 2524; x_wconf 75' lang='grc' dir='ltr'><strong>καὶ</strong></span> <span class='ocrx_word' id='word_1_397' title='bbox 3467 2469 3574 2522; x_wconf 85' lang='grc' dir='ltr'><strong>τῶν</strong></span> <span class='ocrx_word' id='word_1_398' title='bbox 3603 2467 3849 2529; x_wconf 80' lang='grc' dir='ltr'><strong>πολλῶν,</strong></span> <span class='ocrx_word' id='word_1_399' title='bbox 3879 2464 3977 2518; x_wconf 73' lang='grc' dir='ltr'><strong>ἐπὶ</strong></span> 
     </span>
    </p>
   </div>
   <div class='ocr_carea' id='block_1_55' title="bbox 2381 2555 3976 2641">
    <p class='ocr_par' dir='ltr' id='par_1_55' title="bbox 2381 2555 3976 2641">
     <span class='ocr_line' id='line_1_55' title="bbox 2381 2555 3976 2641; baseline -0.012 -15"><span class='ocrx_word' id='word_1_400' title='bbox 2381 2571 2638 2641; x_wconf 81' lang='grc' dir='ltr'><strong>στερήσει</strong></span> <span class='ocrx_word' id='word_1_401' title='bbox 2693 2567 2884 2621; x_wconf 86' lang='grc' dir='ltr'><strong>παθῶν</strong></span> <span class='ocrx_word' id='word_1_402' title='bbox 2930 2566 2963 2638; x_wconf 74' lang='grc' dir='ltr'><strong>ἢ</strong></span> <span class='ocrx_word' id='word_1_403' title='bbox 3014 2564 3357 2635; x_wconf 83' lang='grc' dir='ltr'><strong>πραγμάτων</strong></span> <span class='ocrx_word' id='word_1_404' title='bbox 3392 2559 3594 2615; x_wconf 86' lang='grc' dir='ltr'><strong>ύλικῶν</strong></span> <span class='ocrx_word' id='word_1_405' title='bbox 3644 2560 3746 2628; x_wconf 82' lang='grc' dir='ltr'><strong>τὴν</strong></span> <span class='ocrx_word' id='word_1_406' title='bbox 3784 2555 3976 2627; x_wconf 80' lang='grc' dir='ltr'><strong>ψυχὴν</strong></span> 
     </span>
    </p>
   </div>
   <div class='ocr_carea' id='block_1_56' title="bbox 2382 2649 3976 2735">
    <p class='ocr_par' dir='ltr' id='par_1_56' title="bbox 2382 2649 3976 2735">
     <span class='ocr_line' id='line_1_56' title="bbox 2382 2649 3976 2735; baseline -0.011 -17"><span class='ocrx_word' id='word_1_407' title='bbox 2382 2661 2804 2735; x_wconf 76' lang='grc' dir='ltr'><strong>βασανίζουσαν,</strong></span> <span class='ocrx_word' id='word_1_408' title='bbox 2837 2662 2913 2725; x_wconf 83' lang='grc' dir='ltr'><strong>ὡς</strong></span> <span class='ocrx_word' id='word_1_409' title='bbox 2943 2659 3040 2724; x_wconf 80' lang='grc' dir='ltr'><strong>τὰς</strong></span> <span class='ocrx_word' id='word_1_410' title='bbox 3085 2657 3264 2730; x_wconf 86' lang='grc' dir='ltr'><strong>ὁρμάς</strong></span> <span class='ocrx_word' id='word_1_411' title='bbox 3306 2655 3460 2726; x_wconf 80' lang='grc' dir='ltr'><strong>παρὰ</strong></span> <span class='ocrx_word' id='word_1_412' title='bbox 3490 2653 3654 2723; x_wconf 78' lang='grc' dir='ltr'><strong>φύσιν</strong></span> <span class='ocrx_word' id='word_1_413' title='bbox 3682 2649 3774 2718; x_wconf 80' lang='grc' dir='ltr'><strong>ἐφ’</strong></span> <span class='ocrx_word' id='word_1_414' title='bbox 3809 2649 3850 2703; x_wconf 69' lang='grc' dir='ltr'><strong>ἃ</strong></span> <span class='ocrx_word' id='word_1_415' title='bbox 3897 2649 3976 2718; x_wconf 79' lang='grc' dir='ltr'><strong>μὴ</strong></span> 
     </span>
    </p>
   </div>
   <div class='ocr_carea' id='block_1_57' title="bbox 2377 2741 3974 2826">
    <p class='ocr_par' dir='ltr' id='par_1_57' title="bbox 2377 2741 3974 2826">
     <span class='ocr_line' id='line_1_57' title="bbox 2377 2741 3974 2826; baseline -0.015 -10"><span class='ocrx_word' id='word_1_416' title='bbox 2377 2763 2478 2821; x_wconf 84' lang='grc' dir='ltr'><strong>δεῖ,</strong></span> <span class='ocrx_word' id='word_1_417' title='bbox 2515 2760 2609 2814; x_wconf 74' lang='grc' dir='ltr'><strong>καὶ</strong></span> <span class='ocrx_word' id='word_1_418' title='bbox 2655 2759 2760 2823; x_wconf 84' lang='grc' dir='ltr'><strong>τὰς</strong></span> <span class='ocrx_word' id='word_1_419' title='bbox 2787 2754 3078 2826; x_wconf 79' lang='grc' dir='ltr'><strong>ἀποφυγὰς</strong></span> <span class='ocrx_word' id='word_1_420' title='bbox 3111 2754 3204 2822; x_wconf 81' lang='grc' dir='ltr'><strong>ἀφ’</strong></span> <span class='ocrx_word' id='word_1_421' title='bbox 3237 2745 3313 2806; x_wconf 80' lang='grc' dir='ltr'><strong>ὧν</strong></span> <span class='ocrx_word' id='word_1_422' title='bbox 3357 2747 3556 2821; x_wconf 80' lang='grc' dir='ltr'><strong>μὴοδεῖ</strong></span> <span class='ocrx_word' id='word_1_423' title='bbox 3583 2741 3974 2814; x_wconf 63' lang='grc' dir='ltr'><strong>ποιουμένων</strong></span> 
     </span>
    </p>
   </div>
   <div class='ocr_carea' id='block_1_58' title="bbox 2378 2834 3973 2924">
    <p class='ocr_par' dir='ltr' id='par_1_58' title="bbox 2378 2834 3973 2924">
     <span class='ocr_line' id='line_1_58' title="bbox 2378 2834 3973 2924; baseline -0.013 -16"><span class='ocrx_word' id='word_1_424' title='bbox 2378 2854 2516 2908; x_wconf 81' lang='grc' dir='ltr'><strong>ἀλλὰ</strong></span> <span class='ocrx_word' id='word_1_425' title='bbox 2547 2853 2646 2924; x_wconf 84' lang='grc' dir='ltr'><strong>τὴν</strong></span> <span class='ocrx_word' id='word_1_426' title='bbox 2673 2848 3088 2919; x_wconf 85' lang='grc' dir='ltr'><strong>λελογισμένην,</strong></span> <span class='ocrx_word' id='word_1_427' title='bbox 3123 2844 3221 2899; x_wconf 71' lang='grc' dir='ltr'><strong>καὶ</strong></span> <span class='ocrx_word' id='word_1_428' title='bbox 3248 2844 3364 2905; x_wconf 88' lang='grc' dir='ltr'><strong>τοῖς</strong></span> <span class='ocrx_word' id='word_1_429' title='bbox 3393 2839 3462 2893; x_wconf 81' lang='grc' dir='ltr'><strong>τά</strong></span> <span class='ocrx_word' id='word_1_430' title='bbox 3500 2839 3623 2892; x_wconf 81' lang='grc' dir='ltr'><strong>θεῖα</strong></span> <span class='ocrx_word' id='word_1_431' title='bbox 3652 2834 3848 2905; x_wconf 81' lang='grc' dir='ltr'>σοφοῖς</span> <span class='ocrx_word' id='word_1_432' title='bbox 3874 2835 3973 2903; x_wconf 79' lang='grc' dir='ltr'><strong>ἐγ-</strong></span> 
     </span>
    </p>
   </div>
   <div class='ocr_carea' id='block_1_59' title="bbox 2379 2930 3976 3017">
    <p class='ocr_par' dir='ltr' id='par_1_59' title="bbox 2379 2930 3976 3017">
     <span class='ocr_line' id='line_1_59' title="bbox 2379 2930 3976 3017; baseline -0.013 -18"><span class='ocrx_word' id='word_1_433' title='bbox 2379 2945 2684 3017; x_wconf 77' lang='grc' dir='ltr'><strong>κριθεῖσαν,</strong></span> <span class='ocrx_word' id='word_1_434' title='bbox 2711 2942 2807 2996; x_wconf 72' lang='grc' dir='ltr'><strong>καὶ</strong></span> <span class='ocrx_word' id='word_1_435' title='bbox 2829 2941 2890 2994; x_wconf 78' lang='grc' dir='ltr'><strong>τὸ</strong></span> <span class='ocrx_word' id='word_1_436' title='bbox 2910 2940 3084 3010; x_wconf 83' lang='grc' dir='ltr'><strong>παρὸν</strong></span> <span class='ocrx_word' id='word_1_437' title='bbox 3115 2935 3289 2991; x_wconf 79' lang='grc' dir='ltr'><strong>κακδν</strong></span> <span class='ocrx_word' id='word_1_438' title='bbox 3313 2930 3831 3001; x_wconf 69' lang='grc' dir='ltr'><strong>ῥποσημαίνουσαν·</strong></span> <span class='ocrx_word' id='word_1_439' title='bbox 3870 2942 3976 2979; x_wconf 87' lang='grc' dir='ltr'><strong>πα-</strong></span> 
     </span>
    </p>
   </div>
   <div class='ocr_carea' id='block_1_60' title="bbox 2384 3018 3974 3108">
    <p class='ocr_par' dir='ltr' id='par_1_60' title="bbox 2384 3018 3974 3108">
     <span class='ocr_line' id='line_1_60' title="bbox 2384 3018 3974 3108; baseline -0.015 -17"><span class='ocrx_word' id='word_1_440' title='bbox 2384 3037 2476 3108; x_wconf 81' lang='grc' dir='ltr'><strong>ρὸν</strong></span> <span class='ocrx_word' id='word_1_441' title='bbox 2504 3034 2615 3105; x_wconf 85' lang='grc' dir='ltr'><strong>γὰρ</strong></span> <span class='ocrx_word' id='word_1_442' title='bbox 2638 3033 2829 3096; x_wconf 80' lang='grc' dir='ltr'><strong>κακὸν,</strong></span> <span class='ocrx_word' id='word_1_443' title='bbox 2851 3031 3018 3100; x_wconf 65' lang='grc' dir='ltr'><strong>φασιν</strong></span> <span class='ocrx_word' id='word_1_444' title='bbox 3050 3023 3192 3082; x_wconf 75' lang='grc' dir='ltr'><strong>εἶναι</strong></span> <span class='ocrx_word' id='word_1_445' title='bbox 3211 3025 3312 3096; x_wconf 82' lang='grc' dir='ltr'><strong>τὴν</strong></span> <span class='ocrx_word' id='word_1_446' title='bbox 3338 3023 3538 3092; x_wconf 82' lang='grc' dir='ltr'><strong>λύπην,</strong></span> <span class='ocrx_word' id='word_1_447' title='bbox 3561 3018 3974 3088; x_wconf 77' lang='grc' dir='ltr'><strong>συνισταμένην</strong></span> 
     </span>
    </p>
   </div>
   <div class='ocr_carea' id='block_1_61' title="bbox 699 3106 2278 3197">
    <p class='ocr_par' dir='ltr' id='par_1_61' title="bbox 699 3106 2278 3179">
     <span class='ocr_line' id='line_1_61' title="bbox 699 3106 2278 3179; baseline 0.003 -19"><span class='ocrx_word' id='word_1_448' title='bbox 699 3106 986 3178; x_wconf 87' lang='lat' dir='ltr'><strong>probatam</strong></span> <span class='ocrx_word' id='word_1_449' title='bbox 1006 3147 1019 3170; x_wconf 94' lang='lat'><strong>,</strong></span> <span class='ocrx_word' id='word_1_450' title='bbox 1049 3122 1112 3161; x_wconf 89' lang='lat' dir='ltr'><strong>ac</strong></span> <span class='ocrx_word' id='word_1_451' title='bbox 1143 3123 1267 3176; x_wconf 70' lang='lat' dir='ltr'><strong>quae</strong></span> <span class='ocrx_word' id='word_1_452' title='bbox 1298 3123 1541 3176; x_wconf 67' lang='lat' dir='ltr'><strong>praesens</strong></span> <span class='ocrx_word' id='word_1_453' title='bbox 1576 3109 1778 3162; x_wconf 90' lang='lat' dir='ltr'><strong>malum</strong></span> <span class='ocrx_word' id='word_1_454' title='bbox 1814 3108 2081 3179; x_wconf 87' lang='lat' dir='ltr'><strong>designet.</strong></span> <span class='ocrx_word' id='word_1_455' title='bbox 2111 3109 2278 3164; x_wconf 86' lang='lat' dir='ltr'><strong>Aiunt</strong></span> 
     </span>
    </p>
   </div>
   <div class='ocr_carea' id='block_1_62' title="bbox 2377 3106 3977 3197">
    <p class='ocr_par' dir='ltr' id='par_1_62' title="bbox 2384 3106 3977 3197">
     <span class='ocr_line' id='line_1_62' title="bbox 2384 3106 3977 3197; baseline -0.014 -17"><span class='ocrx_word' id='word_1_456' title='bbox 2384 3106 2484 3197; x_wconf 82' lang='grc' dir='ltr'><strong>μὲν</strong></span> <span class='ocrx_word' id='word_1_457' title='bbox 2532 3123 2677 3179; x_wconf 79' lang='grc' dir='ltr'><strong>κατὰ</strong></span> <span class='ocrx_word' id='word_1_458' title='bbox 2719 3119 2930 3193; x_wconf 77' lang='grc' dir='ltr'><strong>ψυχὴν,</strong></span> <span class='ocrx_word' id='word_1_459' title='bbox 2971 3121 3101 3174; x_wconf 84' lang='grc' dir='ltr'><strong>ὅταν</strong></span> <span class='ocrx_word' id='word_1_460' title='bbox 3140 3119 3174 3188; x_wconf 79' lang='grc' dir='ltr'>ἡ</span> <span class='ocrx_word' id='word_1_461' title='bbox 3220 3115 3341 3170; x_wconf 86' lang='grc' dir='ltr'><strong>κατ’</strong></span> <span class='ocrx_word' id='word_1_462' title='bbox 3379 3112 3634 3182; x_wconf 79' lang='grc' dir='ltr'><strong>αἴσθησιν</strong></span> <span class='ocrx_word' id='word_1_463' title='bbox 3667 3108 3841 3180; x_wconf 79' lang='grc' dir='ltr'><strong>ἡδονὴ</strong></span> <span class='ocrx_word' id='word_1_464' title='bbox 3876 3110 3977 3176; x_wconf 74' lang='grc' dir='ltr'><strong>τῆς</strong></span> 
     </span>
    </p>
   </div>
   <div class='ocr_carea' id='block_1_63' title="bbox 697 3196 2276 3268">
    <p class='ocr_par' dir='ltr' id='par_1_63' title="bbox 697 3196 2276 3268">
     <span class='ocr_line' id='line_1_63' title="bbox 697 3196 2276 3268; baseline 0.001 -16"><span class='ocrx_word' id='word_1_465' title='bbox 697 3198 850 3252; x_wconf 90' lang='lat' dir='ltr'><strong>enim</strong></span> <span class='ocrx_word' id='word_1_466' title='bbox 887 3196 1164 3251; x_wconf 86' lang='lat' dir='ltr'><strong>tristitiam</strong></span> <span class='ocrx_word' id='word_1_467' title='bbox 1200 3213 1299 3251; x_wconf 91' lang='lat' dir='ltr'><strong>seu</strong></span> <span class='ocrx_word' id='word_1_468' title='bbox 1331 3197 1574 3252; x_wconf 89' lang='lat' dir='ltr'><strong>dolorem</strong></span> <span class='ocrx_word' id='word_1_469' title='bbox 1610 3213 1853 3268; x_wconf 76' lang='lat' dir='ltr'><strong>praesens</strong></span> <span class='ocrx_word' id='word_1_470' title='bbox 1887 3214 2006 3253; x_wconf 87' lang='lat' dir='ltr'><strong>esse</strong></span> <span class='ocrx_word' id='word_1_471' title='bbox 2043 3202 2276 3268; x_wconf 88' lang='lat' dir='ltr'><strong>malum,</strong></span> 
     </span>
    </p>
   </div>
   <div class='ocr_carea' id='block_1_64' title="bbox 698 3288 2282 3357">
    <p class='ocr_par' dir='ltr' id='par_1_64' title="bbox 698 3288 2282 3357">
     <span class='ocr_line' id='line_1_64' title="bbox 698 3288 2282 3357; baseline 0.003 -14"><span class='ocrx_word' id='word_1_472' title='bbox 698 3297 818 3343; x_wconf 88' lang='lat' dir='ltr'><strong>tum</strong></span> <span class='ocrx_word' id='word_1_473' title='bbox 842 3288 1066 3357; x_wconf 89' lang='lat' dir='ltr'><strong>quidem</strong></span> <span class='ocrx_word' id='word_1_474' title='bbox 1101 3289 1155 3343; x_wconf 93' lang='lat' dir='ltr'><strong>in</strong></span> <span class='ocrx_word' id='word_1_475' title='bbox 1188 3289 1370 3343; x_wconf 89' lang='lat' dir='ltr'><strong>animo</strong></span> <span class='ocrx_word' id='word_1_476' title='bbox 1391 3299 1724 3355; x_wconf 89' lang='lat' dir='ltr'><strong>versantem,</strong></span> <span class='ocrx_word' id='word_1_477' title='bbox 1753 3305 1877 3345; x_wconf 91' lang='lat' dir='ltr'><strong>cum</strong></span> <span class='ocrx_word' id='word_1_478' title='bbox 1912 3307 2104 3348; x_wconf 91' lang='lat' dir='ltr'><strong>sensus</strong></span> <span class='ocrx_word' id='word_1_479' title='bbox 2129 3293 2282 3348; x_wconf 91' lang='lat' dir='ltr'><strong>volu-</strong></span> 
     </span>
    </p>
   </div>
   <div class='ocr_carea' id='block_1_65' title="bbox 699 3381 2281 3454">
    <p class='ocr_par' dir='ltr' id='par_1_65' title="bbox 699 3381 2281 3454">
     <span class='ocr_line' id='line_1_65' title="bbox 699 3381 2281 3454; baseline 0.006 -22"><span class='ocrx_word' id='word_1_480' title='bbox 699 3388 826 3452; x_wconf 84' lang='lat' dir='ltr'><strong>ptas</strong></span> <span class='ocrx_word' id='word_1_481' title='bbox 859 3381 1054 3451; x_wconf 92' lang='lat' dir='ltr'><strong>judicii</strong></span> <span class='ocrx_word' id='word_1_482' title='bbox 1092 3383 1323 3438; x_wconf 86' lang='lat' dir='ltr'><strong>rationis</strong></span> <span class='ocrx_word' id='word_1_483' title='bbox 1362 3383 1600 3454; x_wconf 89' lang='lat' dir='ltr'><strong>potitur;</strong></span> <span class='ocrx_word' id='word_1_484' title='bbox 1639 3384 1694 3439; x_wconf 92' lang='lat' dir='ltr'><strong>in</strong></span> <span class='ocrx_word' id='word_1_485' title='bbox 1728 3400 1892 3441; x_wconf 88' lang='lat' dir='ltr'><strong>sensu</strong></span> <span class='ocrx_word' id='word_1_486' title='bbox 1927 3401 2058 3440; x_wconf 87' lang='lat' dir='ltr'><strong>vero</strong></span> <span class='ocrx_word' id='word_1_487' title='bbox 2097 3387 2281 3442; x_wconf 88' lang='lat' dir='ltr'><strong>consi-</strong></span> 
     </span>
    </p>
   </div>
   <div class='ocr_carea' id='block_1_66' title="bbox 701 3475 2285 3546">
    <p class='ocr_par' dir='ltr' id='par_1_66' title="bbox 701 3475 2285 3546">
     <span class='ocr_line' id='line_1_66' title="bbox 701 3475 2285 3546; baseline 0.003 -18"><span class='ocrx_word' id='word_1_488' title='bbox 701 3483 960 3537; x_wconf 84' lang='lat' dir='ltr'><strong>stentem,</strong></span> <span class='ocrx_word' id='word_1_489' title='bbox 984 3489 1108 3528; x_wconf 92' lang='lat' dir='ltr'><strong>cum</strong></span> <span class='ocrx_word' id='word_1_490' title='bbox 1141 3475 1258 3530; x_wconf 88' lang='lat' dir='ltr'><strong>sine</strong></span> <span class='ocrx_word' id='word_1_491' title='bbox 1287 3475 1679 3544; x_wconf 85' lang='lat' dir='ltr'><strong>impedimento</strong></span> <span class='ocrx_word' id='word_1_492' title='bbox 1706 3491 1770 3530; x_wconf 92' lang='lat' dir='ltr'><strong>ac</strong></span> <span class='ocrx_word' id='word_1_493' title='bbox 1790 3477 2041 3546; x_wconf 80' lang='lat' dir='ltr'><strong>expedite</strong></span> <span class='ocrx_word' id='word_1_494' title='bbox 2063 3479 2285 3535; x_wconf 90' lang='lat' dir='ltr'><strong>virtutis</strong></span> 
     </span>
    </p>
   </div>
   <div class='ocr_carea' id='block_1_67' title="bbox 706 3561 2285 3633">
    <p class='ocr_par' dir='ltr' id='par_1_67' title="bbox 706 3561 2285 3633">
     <span class='ocr_line' id='line_1_67' title="bbox 706 3561 2285 3633; baseline 0.006 -19"><span class='ocrx_word' id='word_1_495' title='bbox 706 3575 902 3614; x_wconf 89' lang='lat' dir='ltr'><strong>cursus</strong></span> <span class='ocrx_word' id='word_1_496' title='bbox 945 3561 1129 3615; x_wconf 89' lang='lat' dir='ltr'><strong>animo</strong></span> <span class='ocrx_word' id='word_1_497' title='bbox 1172 3563 1481 3633; x_wconf 83' lang='lat' dir='ltr'><strong>peragitur;</strong></span> <span class='ocrx_word' id='word_1_498' title='bbox 1528 3564 1694 3618; x_wconf 91' lang='lat' dir='ltr'><strong>tantis</strong></span> <span class='ocrx_word' id='word_1_499' title='bbox 1735 3580 1957 3619; x_wconf 89' lang='lat' dir='ltr'><strong>sensum</strong></span> <span class='ocrx_word' id='word_1_500' title='bbox 2003 3567 2285 3624; x_wconf 90' lang='lat' dir='ltr'><strong>laboribus</strong></span> 
     </span>
    </p>
   </div>
   <div class='ocr_carea' id='block_1_68' title="bbox 704 3651 2285 3729">
    <p class='ocr_par' dir='ltr' id='par_1_68' title="bbox 704 3651 2285 3729">
     <span class='ocr_line' id='line_1_68' title="bbox 704 3651 2285 3729; baseline 0.005 -23"><span class='ocrx_word' id='word_1_501' title='bbox 704 3651 1002 3721; x_wconf 78' lang='lat' dir='ltr'><strong>subigens,</strong></span> <span class='ocrx_word' id='word_1_502' title='bbox 1043 3663 1303 3723; x_wconf 89' lang='lat' dir='ltr'><strong>quantam</strong></span> <span class='ocrx_word' id='word_1_503' title='bbox 1352 3654 1535 3708; x_wconf 90' lang='lat' dir='ltr'><strong>animo</strong></span> <span class='ocrx_word' id='word_1_504' title='bbox 1584 3667 1736 3709; x_wconf 87' lang='lat' dir='ltr'><strong>creat</strong></span> <span class='ocrx_word' id='word_1_505' title='bbox 1778 3656 2146 3725; x_wconf 86' lang='lat' dir='ltr'><strong>voluptatem;</strong></span> <span class='ocrx_word' id='word_1_506' title='bbox 2191 3662 2285 3729; x_wconf 87' lang='lat' dir='ltr'><strong>qui</strong></span> 
     </span>
    </p>
   </div>
   <div class='ocr_carea' id='block_1_69' title="bbox 707 3739 2288 3823">
    <p class='ocr_par' dir='ltr' id='par_1_69' title="bbox 707 3739 2288 3823">
     <span class='ocr_line' id='line_1_69' title="bbox 707 3739 2288 3823; baseline 0.006 -25"><span class='ocrx_word' id='word_1_507' title='bbox 707 3742 821 3798; x_wconf 88' lang='lat' dir='ltr'><strong>Deo</strong></span> <span class='ocrx_word' id='word_1_508' title='bbox 857 3739 1244 3808; x_wconf 71' lang='lat' dir='ltr'><strong>admoveatur,</strong></span> <span class='ocrx_word' id='word_1_509' title='bbox 1274 3761 1373 3814; x_wconf 90' lang='lat' dir='ltr'><strong>per</strong></span> <span class='ocrx_word' id='word_1_510' title='bbox 1405 3757 1691 3816; x_wconf 88' lang='lat' dir='ltr'><strong>cognatam</strong></span> <span class='ocrx_word' id='word_1_511' title='bbox 1725 3747 1949 3803; x_wconf 90' lang='lat' dir='ltr'><strong>virtutis</strong></span> <span class='ocrx_word' id='word_1_512' title='bbox 1981 3749 2288 3823; x_wconf 83' lang='lat' dir='ltr'><strong>fulgoribus</strong></span> 
     </span>
    </p>
   </div>
   <div class='ocr_carea' id='block_1_70' title="bbox 704 3832 1510 3890">
    <p class='ocr_par' dir='ltr' id='par_1_70' title="bbox 704 3832 1510 3890">
     <span class='ocr_line' id='line_1_70' title="bbox 704 3832 1510 3890; baseline 0.002 -4"><span class='ocrx_word' id='word_1_513' title='bbox 704 3847 774 3887; x_wconf 83' lang='lat' dir='ltr'><strong>ac</strong></span> <span class='ocrx_word' id='word_1_514' title='bbox 798 3832 1042 3889; x_wconf 71' lang='lat' dir='ltr'><strong>scientia:</strong></span> <span class='ocrx_word' id='word_1_515' title='bbox 1067 3833 1510 3890; x_wconf 88' lang='lat' dir='ltr'><strong>illustrationcm.</strong></span> 
     </span>
    </p>
   </div>
   <div class='ocr_carea' id='block_1_71' title="bbox 784 3925 2289 3996">
    <p class='ocr_par' dir='ltr' id='par_1_71' title="bbox 784 3925 2289 3996">
     <span class='ocr_line' id='line_1_71' title="bbox 784 3925 2289 3996; baseline 0.007 -17"><span class='ocrx_word' id='word_1_516' title='bbox 784 3925 870 3979; x_wconf 81' lang='grc'><strong>11.</strong></span> <span class='ocrx_word' id='word_1_517' title='bbox 898 3925 1246 3995; x_wconf 86' lang='lat' dir='ltr'><strong>Voluptatem</strong></span> <span class='ocrx_word' id='word_1_518' title='bbox 1276 3928 1568 3983; x_wconf 89' lang='lat' dir='ltr'><strong>salutarem</strong></span> <span class='ocrx_word' id='word_1_519' title='bbox 1594 3940 1774 3996; x_wconf 88' lang='lat' dir='ltr'><strong>vocat,</strong></span> <span class='ocrx_word' id='word_1_520' title='bbox 1800 3932 1968 3988; x_wconf 89' lang='lat' dir='ltr'><strong>animi</strong></span> <span class='ocrx_word' id='word_1_521' title='bbox 1995 3949 2062 3988; x_wconf 83' lang='lat' dir='ltr'><strong>ex</strong></span> <span class='ocrx_word' id='word_1_522' title='bbox 2085 3933 2289 3990; x_wconf 88' lang='lat' dir='ltr'><strong>virtute</strong></span> 
     </span>
    </p>
   </div>
   <div class='ocr_carea' id='block_1_72' title="bbox 707 4018 2291 4091">
    <p class='ocr_par' dir='ltr' id='par_1_72' title="bbox 707 4018 2291 4091">
     <span class='ocr_line' id='line_1_72' title="bbox 707 4018 2291 4091; baseline 0.008 -21"><span class='ocrx_word' id='word_1_523' title='bbox 707 4018 968 4088; x_wconf 79' lang='lat' dir='ltr'><strong>gaudium</strong></span> <span class='ocrx_word' id='word_1_524' title='bbox 1017 4036 1032 4071; x_wconf 89' lang='lat'><strong>:</strong></span> <span class='ocrx_word' id='word_1_525' title='bbox 1082 4020 1361 4074; x_wconf 89' lang='lat' dir='ltr'><strong>tristitiatn</strong></span> <span class='ocrx_word' id='word_1_526' title='bbox 1409 4039 1540 4078; x_wconf 89' lang='lat' dir='ltr'><strong>vero</strong></span> <span class='ocrx_word' id='word_1_527' title='bbox 1587 4025 1805 4091; x_wconf 90' lang='lat' dir='ltr'><strong>utilem,</strong></span> <span class='ocrx_word' id='word_1_528' title='bbox 1848 4028 2032 4083; x_wconf 88' lang='lat' dir='ltr'><strong>carnis</strong></span> <span class='ocrx_word' id='word_1_529' title='bbox 2072 4028 2291 4083; x_wconf 87' lang='lat' dir='ltr'><strong>virtutis</strong></span> 
     </span>
    </p>
   </div>
   <div class='ocr_carea' id='block_1_73' title="bbox 711 4110 2290 4189">
    <p class='ocr_par' dir='ltr' id='par_1_73' title="bbox 711 4110 2290 4189">
     <span class='ocr_line' id='line_1_73' title="bbox 711 4110 2290 4189; baseline 0.008 -27"><span class='ocrx_word' id='word_1_530' title='bbox 711 4125 875 4164; x_wconf 87' lang='lat' dir='ltr'><strong>causa</strong></span> <span class='ocrx_word' id='word_1_531' title='bbox 913 4110 1179 4166; x_wconf 88' lang='lat' dir='ltr'><strong>dolorem.</strong></span> <span class='ocrx_word' id='word_1_532' title='bbox 1211 4113 1315 4180; x_wconf 86' lang='lat' dir='ltr'><strong>Qui</strong></span> <span class='ocrx_word' id='word_1_533' title='bbox 1359 4116 1526 4186; x_wconf 85' lang='lat' dir='ltr'><strong>igitur</strong></span> <span class='ocrx_word' id='word_1_534' title='bbox 1567 4117 1856 4173; x_wconf 76' lang='lat' dir='ltr'><strong>affectibus</strong></span> <span class='ocrx_word' id='word_1_535' title='bbox 1891 4119 2164 4189; x_wconf 85' lang='lat' dir='ltr'><strong>rebusque</strong></span> <span class='ocrx_word' id='word_1_536' title='bbox 2203 4120 2290 4174; x_wconf 87' lang='lat' dir='ltr'><strong>in-</strong></span> 
     </span>
    </p>
   </div>
   <div class='ocr_carea' id='block_1_74' title="bbox 713 4204 2289 4279">
    <p class='ocr_par' dir='ltr' id='par_1_74' title="bbox 713 4204 2289 4279">
     <span class='ocr_line' id='line_1_74' title="bbox 713 4204 2289 4279; baseline 0.004 -19"><span class='ocrx_word' id='word_1_537' title='bbox 713 4204 850 4266; x_wconf 84' lang='lat' dir='ltr'><strong>ltiat,</strong></span> <span class='ocrx_word' id='word_1_538' title='bbox 869 4221 932 4259; x_wconf 92' lang='lat' dir='ltr'><strong>ea</strong></span> <span class='ocrx_word' id='word_1_539' title='bbox 959 4207 1168 4275; x_wconf 89' lang='lat' dir='ltr'><strong>appetit</strong></span> <span class='ocrx_word' id='word_1_540' title='bbox 1191 4224 1312 4276; x_wconf 76' lang='lat' dir='ltr'><strong>qua:</strong></span> <span class='ocrx_word' id='word_1_541' title='bbox 1337 4224 1446 4262; x_wconf 90' lang='lat' dir='ltr'><strong>non</strong></span> <span class='ocrx_word' id='word_1_542' title='bbox 1474 4209 1661 4275; x_wconf 89' lang='lat' dir='ltr'><strong>decet;</strong></span> <span class='ocrx_word' id='word_1_543' title='bbox 1689 4210 1894 4279; x_wconf 91' lang='lat' dir='ltr'><strong>quique</strong></span> <span class='ocrx_word' id='word_1_544' title='bbox 1923 4226 2017 4265; x_wconf 92' lang='lat' dir='ltr'><strong>eos</strong></span> <span class='ocrx_word' id='word_1_545' title='bbox 2041 4223 2289 4276; x_wconf 82' lang='lat' dir='ltr'><strong>eventus,</strong></span> 
     </span>
    </p>
   </div>
   <div class='ocr_carea' id='block_1_75' title="bbox 712 4295 2294 4371">
    <p class='ocr_par' dir='ltr' id='par_1_75' title="bbox 712 4295 2294 4371">
     <span class='ocr_line' id='line_1_75' title="bbox 712 4295 2294 4371; baseline 0.006 -25"><span class='ocrx_word' id='word_1_546' title='bbox 712 4295 917 4363; x_wconf 87' lang='lat' dir='ltr'><strong>quibus</strong></span> <span class='ocrx_word' id='word_1_547' title='bbox 949 4295 1245 4350; x_wconf 74' lang='lat' dir='ltr'><strong>aﬂ‘ectuum</strong></span> <span class='ocrx_word' id='word_1_548' title='bbox 1280 4313 1572 4367; x_wconf 89' lang='lat' dir='ltr'><strong>rerumque</strong></span> <span class='ocrx_word' id='word_1_549' title='bbox 1615 4298 1850 4366; x_wconf 84' lang='lat' dir='ltr'><strong>privatio</strong></span> <span class='ocrx_word' id='word_1_550' title='bbox 1888 4300 2158 4371; x_wconf 85' lang='lat' dir='ltr'><strong>contingit</strong></span> <span class='ocrx_word' id='word_1_551' title='bbox 2186 4316 2294 4356; x_wconf 89' lang='lat' dir='ltr'><strong>non</strong></span> 
     </span>
    </p>
   </div>
   <div class='ocr_carea' id='block_1_76' title="bbox 712 4387 2045 4460">
    <p class='ocr_par' dir='ltr' id='par_1_76' title="bbox 712 4387 2045 4460">
     <span class='ocr_line' id='line_1_76' title="bbox 712 4387 2045 4460; baseline 0.002 -16"><span class='ocrx_word' id='word_1_552' title='bbox 712 4387 1085 4456; x_wconf 63' lang='lat' dir='ltr'><strong>Amplectitur,</strong></span> <span class='ocrx_word' id='word_1_553' title='bbox 1111 4388 1234 4460; x_wconf 83' lang='lat' dir='ltr'><strong>fuga</strong></span> <span class='ocrx_word' id='word_1_554' title='bbox 1261 4405 1291 4444; x_wconf 89' lang='lat' dir='ltr'><strong>a</strong></span> <span class='ocrx_word' id='word_1_555' title='bbox 1315 4389 1516 4459; x_wconf 87' lang='lat' dir='ltr'><strong>quibus</strong></span> <span class='ocrx_word' id='word_1_556' title='bbox 1539 4407 1647 4444; x_wconf 88' lang='lat' dir='ltr'><strong>non</strong></span> <span class='ocrx_word' id='word_1_557' title='bbox 1671 4390 1827 4446; x_wconf 90' lang='lat' dir='ltr'><strong>decet</strong></span> <span class='ocrx_word' id='word_1_558' title='bbox 1854 4393 2045 4447; x_wconf 86' lang='lat' dir='ltr'><strong>resilit.</strong></span> 
     </span>
    </p>
   </div>
   <div class='ocr_carea' id='block_1_77' title="bbox 791 4563 2293 4636">
    <p class='ocr_par' dir='ltr' id='par_1_77' title="bbox 791 4563 2293 4636">
     <span class='ocr_line' id='line_1_77' title="bbox 791 4563 2293 4636; baseline 0.005 -20"><span class='ocrx_word' id='word_1_559' title='bbox 791 4563 876 4616; x_wconf 75' lang='lat' dir='ltr'><strong>l2.</strong></span> <span class='ocrx_word' id='word_1_560' title='bbox 904 4563 1016 4618; x_wconf 86' lang='lat' dir='ltr'><strong>Nec</strong></span> <span class='ocrx_word' id='word_1_561' title='bbox 1047 4564 1228 4619; x_wconf 83' lang='lat' dir='ltr'><strong>divina</strong></span> <span class='ocrx_word' id='word_1_562' title='bbox 1261 4565 1454 4634; x_wconf 84' lang='lat' dir='ltr'><strong>gratia,</strong></span> <span class='ocrx_word' id='word_1_563' title='bbox 1481 4566 1614 4635; x_wconf 89' lang='lat' dir='ltr'><strong>quin</strong></span> <span class='ocrx_word' id='word_1_564' title='bbox 1645 4566 1786 4620; x_wconf 89' lang='lat' dir='ltr'><strong>adsit</strong></span> <span class='ocrx_word' id='word_1_565' title='bbox 1814 4567 1906 4635; x_wconf 88' lang='lat' dir='ltr'><strong>qui</strong></span> <span class='ocrx_word' id='word_1_566' title='bbox 1940 4583 2037 4636; x_wconf 89' lang='lat' dir='ltr'><strong>per</strong></span> <span class='ocrx_word' id='word_1_567' title='bbox 2064 4567 2293 4622; x_wconf 87' lang='lat' dir='ltr'><strong>faculta—</strong></span> 
     </span>
    </p>
   </div>
   <div class='ocr_carea' id='block_1_78' title="bbox 719 4655 2295 4728">
    <p class='ocr_par' dir='ltr' id='par_1_78' title="bbox 719 4655 2295 4728">
     <span class='ocr_line' id='line_1_78' title="bbox 719 4655 2295 4728; baseline 0.003 -20"><span class='ocrx_word' id='word_1_568' title='bbox 719 4663 828 4708; x_wconf 89' lang='lat' dir='ltr'><strong>tem</strong></span> <span class='ocrx_word' id='word_1_569' title='bbox 862 4664 1070 4708; x_wconf 74' lang='lat' dir='ltr'><strong>uaturze</strong></span> <span class='ocrx_word' id='word_1_570' title='bbox 1106 4655 1526 4711; x_wconf 89' lang='lat' dir='ltr'><strong>illustrationcm</strong></span> <span class='ocrx_word' id='word_1_571' title='bbox 1561 4659 1768 4726; x_wconf 90' lang='lat' dir='ltr'><strong>capiat,</strong></span> <span class='ocrx_word' id='word_1_572' title='bbox 1802 4659 2044 4712; x_wconf 80' lang='lat' dir='ltr'><strong>scientia:</strong></span> <span class='ocrx_word' id='word_1_573' title='bbox 2078 4667 2295 4728; x_wconf 64' lang='lat' dir='ltr'><strong>praestat</strong></span> 
     </span>
    </p>
   </div>
   <div class='ocr_carea' id='block_1_79' title="bbox 721 4746 2295 4820">
    <p class='ocr_par' dir='ltr' id='par_1_79' title="bbox 721 4746 2295 4820">
     <span class='ocr_line' id='line_1_79' title="bbox 721 4746 2295 4820; baseline 0.001 -17"><span class='ocrx_word' id='word_1_574' title='bbox 721 4746 1140 4812; x_wconf 81' lang='lat' dir='ltr'><strong>illustrationes;</strong></span> <span class='ocrx_word' id='word_1_575' title='bbox 1173 4756 1229 4800; x_wconf 87' lang='lat' dir='ltr'><strong>at</strong></span> <span class='ocrx_word' id='word_1_576' title='bbox 1258 4764 1436 4817; x_wconf 91' lang='lat' dir='ltr'><strong>neque</strong></span> <span class='ocrx_word' id='word_1_577' title='bbox 1465 4748 1611 4817; x_wconf 90' lang='lat' dir='ltr'><strong>quod</strong></span> <span class='ocrx_word' id='word_1_578' title='bbox 1643 4763 1810 4819; x_wconf 79' lang='lat' dir='ltr'><strong>capax</strong></span> <span class='ocrx_word' id='word_1_579' title='bbox 1842 4757 1953 4811; x_wconf 90' lang='lat' dir='ltr'><strong>est,</strong></span> <span class='ocrx_word' id='word_1_580' title='bbox 1986 4749 2089 4803; x_wconf 90' lang='lat' dir='ltr'><strong>nisi</strong></span> <span class='ocrx_word' id='word_1_581' title='bbox 2123 4751 2295 4820; x_wconf 82' lang='lat' dir='ltr'><strong>gratia</strong></span> 
     </span>
    </p>
   </div>
   <div class='ocr_carea' id='block_1_80' title="bbox 718 4838 2184 4911">
    <p class='ocr_par' dir='ltr' id='par_1_80' title="bbox 718 4838 2184 4911">
     <span class='ocr_line' id='line_1_80' title="bbox 718 4838 2184 4911; baseline 0.002 -19"><span class='ocrx_word' id='word_1_582' title='bbox 718 4838 1196 4902; x_wconf 78' lang='lat' dir='ltr'><strong>subministrante,</strong></span> <span class='ocrx_word' id='word_1_583' title='bbox 1219 4839 1463 4894; x_wconf 59' lang='lat' dir='ltr'><strong>scientia:</strong></span> <span class='ocrx_word' id='word_1_584' title='bbox 1493 4841 1911 4895; x_wconf 90' lang='lat' dir='ltr'><strong>illustrationcm</strong></span> <span class='ocrx_word' id='word_1_585' title='bbox 1946 4851 2184 4911; x_wconf 68' lang='lat' dir='ltr'><strong>praestat.</strong></span> 
     </span>
    </p>
   </div>
   <div class='ocr_carea' id='block_1_81' title="bbox 796 4929 2295 5002">
    <p class='ocr_par' dir='ltr' id='par_1_81' title="bbox 796 4929 2295 5002">
     <span class='ocr_line' id='line_1_81' title="bbox 796 4929 2295 5002; baseline 0.003 -18"><span class='ocrx_word' id='word_1_586' title='bbox 796 4929 881 4984; x_wconf 78' lang='grc'><strong>15.</strong></span> <span class='ocrx_word' id='word_1_587' title='bbox 912 4929 1102 4998; x_wconf 83' lang='lat' dir='ltr'><strong>Neque</strong></span> <span class='ocrx_word' id='word_1_588' title='bbox 1131 4929 1460 4983; x_wconf 90' lang='lat' dir='ltr'><strong>sanctissimi</strong></span> <span class='ocrx_word' id='word_1_589' title='bbox 1497 4929 1736 5000; x_wconf 92' lang='lat' dir='ltr'><strong>Spiritus</strong></span> <span class='ocrx_word' id='word_1_590' title='bbox 1769 4931 1939 5002; x_wconf 82' lang='lat' dir='ltr'><strong>gratia</strong></span> <span class='ocrx_word' id='word_1_591' title='bbox 1971 4932 2295 5002; x_wconf 88' lang='lat' dir='ltr'><strong>sapientiam</strong></span> 
     </span>
    </p>
   </div>
   <div class='ocr_carea' id='block_1_82' title="bbox 723 5019 2298 5093">
    <p class='ocr_par' dir='ltr' id='par_1_82' title="bbox 723 5019 2298 5093">
     <span class='ocr_line' id='line_1_82' title="bbox 723 5019 2298 5093; baseline 0.001 -15"><span class='ocrx_word' id='word_1_592' title='bbox 723 5019 779 5078; x_wconf 85' lang='lat' dir='ltr'><strong>iu</strong></span> <span class='ocrx_word' id='word_1_593' title='bbox 812 5021 1015 5075; x_wconf 87' lang='lat' dir='ltr'><strong>sanctis</strong></span> <span class='ocrx_word' id='word_1_594' title='bbox 1045 5032 1325 5091; x_wconf 90' lang='lat' dir='ltr'><strong>operatur,</strong></span> <span class='ocrx_word' id='word_1_595' title='bbox 1357 5023 1561 5092; x_wconf 90' lang='lat' dir='ltr'><strong>absque</strong></span> <span class='ocrx_word' id='word_1_596' title='bbox 1597 5033 1778 5078; x_wconf 89' lang='lat' dir='ltr'><strong>mente</strong></span> <span class='ocrx_word' id='word_1_597' title='bbox 1813 5039 1934 5093; x_wconf 62' lang='lat' dir='ltr'><strong>qua!</strong></span> <span class='ocrx_word' id='word_1_598' title='bbox 1965 5040 2086 5078; x_wconf 89' lang='lat' dir='ltr'><strong>eam</strong></span> <span class='ocrx_word' id='word_1_599' title='bbox 2119 5026 2298 5080; x_wconf 87' lang='lat' dir='ltr'><strong>susci-</strong></span> 
     </span>
    </p>
   </div>
   <div class='ocr_carea' id='block_1_83' title="bbox 724 5109 2302 5184">
    <p class='ocr_par' dir='ltr' id='par_1_83' title="bbox 724 5109 2302 5184">
     <span class='ocr_line' id='line_1_83' title="bbox 724 5109 2302 5184; baseline 0.008 -24"><span class='ocrx_word' id='word_1_600' title='bbox 724 5109 871 5184; x_wconf 80' lang='lat' dir='ltr'><strong>piat;</strong></span> <span class='ocrx_word' id='word_1_601' title='bbox 920 5126 1098 5180; x_wconf 89' lang='lat' dir='ltr'><strong>neque</strong></span> <span class='ocrx_word' id='word_1_602' title='bbox 1144 5113 1462 5177; x_wconf 88' lang='lat' dir='ltr'><strong>scientiam,</strong></span> <span class='ocrx_word' id='word_1_603' title='bbox 1513 5114 1719 5184; x_wconf 90' lang='lat' dir='ltr'><strong>absque</strong></span> <span class='ocrx_word' id='word_1_604' title='bbox 1766 5114 2022 5171; x_wconf 81' lang='lat' dir='ltr'><strong>facultate</strong></span> <span class='ocrx_word' id='word_1_605' title='bbox 2073 5117 2302 5172; x_wconf 88' lang='lat' dir='ltr'><strong>rationis</strong></span> 
     </span>
    </p>
   </div>
   <div class='ocr_carea' id='block_1_84' title="bbox 726 5203 2302 5277">
    <p class='ocr_par' dir='ltr' id='par_1_84' title="bbox 726 5203 2302 5277">
     <span class='ocr_line' id='line_1_84' title="bbox 726 5203 2302 5277; baseline 0.006 -22"><span class='ocrx_word' id='word_1_606' title='bbox 726 5203 845 5272; x_wconf 90' lang='lat' dir='ltr'><strong>ejus</strong></span> <span class='ocrx_word' id='word_1_607' title='bbox 885 5218 1113 5272; x_wconf 91' lang='lat' dir='ltr'><strong>capace;</strong></span> <span class='ocrx_word' id='word_1_608' title='bbox 1155 5219 1335 5274; x_wconf 91' lang='lat' dir='ltr'><strong>neque</strong></span> <span class='ocrx_word' id='word_1_609' title='bbox 1379 5205 1574 5270; x_wconf 89' lang='lat' dir='ltr'><strong>ﬁdem,</strong></span> <span class='ocrx_word' id='word_1_610' title='bbox 1611 5208 1819 5277; x_wconf 91' lang='lat' dir='ltr'><strong>absque</strong></span> <span class='ocrx_word' id='word_1_611' title='bbox 1858 5208 2202 5276; x_wconf 91' lang='lat' dir='ltr'><strong>futurorum,</strong></span> <span class='ocrx_word' id='word_1_612' title='bbox 2239 5227 2302 5265; x_wconf 92' lang='lat' dir='ltr'><strong>ac</strong></span> 
     </span>
    </p>
   </div>
   <div class='ocr_carea' id='block_1_85' title="bbox 727 5295 2302 5366">
    <p class='ocr_par' dir='ltr' id='par_1_85' title="bbox 727 5295 2302 5366">
     <span class='ocr_line' id='line_1_85' title="bbox 727 5295 2302 5366; baseline 0.006 -18"><span class='ocrx_word' id='word_1_613' title='bbox 727 5309 850 5364; x_wconf 65' lang='lat' dir='ltr'><strong>quae</strong></span> <span class='ocrx_word' id='word_1_614' title='bbox 891 5295 1158 5350; x_wconf 85' lang='lat' dir='ltr'><strong>hactenus</strong></span> <span class='ocrx_word' id='word_1_615' title='bbox 1192 5298 1406 5352; x_wconf 92' lang='lat' dir='ltr'><strong>cunctis</strong></span> <span class='ocrx_word' id='word_1_616' title='bbox 1444 5299 1677 5354; x_wconf 90' lang='lat' dir='ltr'><strong>obscura</strong></span> <span class='ocrx_word' id='word_1_617' title='bbox 1717 5300 1855 5366; x_wconf 90' lang='lat' dir='ltr'><strong>sint,</strong></span> <span class='ocrx_word' id='word_1_618' title='bbox 1888 5310 2069 5356; x_wconf 90' lang='lat' dir='ltr'><strong>mente</strong></span> <span class='ocrx_word' id='word_1_619' title='bbox 2112 5317 2176 5357; x_wconf 90' lang='lat' dir='ltr'><strong>ac</strong></span> <span class='ocrx_word' id='word_1_620' title='bbox 2213 5319 2302 5357; x_wconf 89' lang='lat' dir='ltr'><strong>ra-</strong></span> 
     </span>
    </p>
   </div>
   <div class='ocr_carea' id='block_1_86' title="bbox 728 5387 2303 5464">
    <p class='ocr_par' dir='ltr' id='par_1_86' title="bbox 728 5387 2303 5464">
     <span class='ocr_line' id='line_1_86' title="bbox 728 5387 2303 5464; baseline 0.008 -26"><span class='ocrx_word' id='word_1_621' title='bbox 728 5387 879 5440; x_wconf 89' lang='lat' dir='ltr'><strong>tione</strong></span> <span class='ocrx_word' id='word_1_622' title='bbox 913 5387 1272 5456; x_wconf 90' lang='lat' dir='ltr'><strong>certitudine;</strong></span> <span class='ocrx_word' id='word_1_623' title='bbox 1310 5407 1489 5462; x_wconf 91' lang='lat' dir='ltr'><strong>neque</strong></span> <span class='ocrx_word' id='word_1_624' title='bbox 1521 5393 1871 5449; x_wconf 89' lang='lat' dir='ltr'><strong>sanationum</strong></span> <span class='ocrx_word' id='word_1_625' title='bbox 1904 5394 2064 5460; x_wconf 91' lang='lat' dir='ltr'><strong>dona,</strong></span> <span class='ocrx_word' id='word_1_626' title='bbox 2095 5395 2303 5464; x_wconf 51' lang='lat' dir='ltr'><strong>atque</strong></span> 
     </span>
    </p>
   </div>
   <div class='ocr_carea' id='block_1_87' title="bbox 729 5479 2304 5557">
    <p class='ocr_par' dir='ltr' id='par_1_87' title="bbox 729 5479 2304 5557">
     <span class='ocr_line' id='line_1_87' title="bbox 729 5479 2304 5557; baseline 0.007 -26"><span class='ocrx_word' id='word_1_627' title='bbox 729 5479 968 5533; x_wconf 84' lang='lat' dir='ltr'><strong>naturali</strong></span> <span class='ocrx_word' id='word_1_628' title='bbox 1001 5480 1344 5538; x_wconf 87' lang='lat' dir='ltr'><strong>humanitate</strong></span> <span class='ocrx_word' id='word_1_629' title='bbox 1371 5501 1388 5539; x_wconf 85' lang='lat'><strong>:</strong></span> <span class='ocrx_word' id='word_1_630' title='bbox 1414 5500 1518 5540; x_wconf 92' lang='lat' dir='ltr'><strong>nec</strong></span> <span class='ocrx_word' id='word_1_631' title='bbox 1540 5485 1777 5557; x_wconf 87' lang='lat' dir='ltr'><strong>denique</strong></span> <span class='ocrx_word' id='word_1_632' title='bbox 1805 5485 1976 5541; x_wconf 90' lang='lat' dir='ltr'><strong>ullum</strong></span> <span class='ocrx_word' id='word_1_633' title='bbox 2003 5486 2152 5542; x_wconf 91' lang='lat' dir='ltr'><strong>aliud</strong></span> <span class='ocrx_word' id='word_1_634' title='bbox 2180 5488 2304 5542; x_wconf 90' lang='lat' dir='ltr'><strong>reli-</strong></span> 
     </span>
    </p>
   </div>
   <div class='ocr_carea' id='block_1_88' title="bbox 805 5638 1327 5706">
    <p class='ocr_par' dir='ltr' id='par_1_88' title="bbox 805 5638 1327 5706">
     <span class='ocr_line' id='line_1_88' title="bbox 805 5638 1327 5706; baseline 0.004 -12"><span class='ocrx_word' id='word_1_635' title='bbox 805 5638 848 5671; x_wconf 73' lang='grc' dir='ltr'><strong>’θ</strong></span> <span class='ocrx_word' id='word_1_636' title='bbox 880 5640 1020 5695; x_wconf 85' lang='lat' dir='ltr'><strong>Psal.</strong></span> <span class='ocrx_word' id='word_1_637' title='bbox 1064 5656 1210 5706; x_wconf 77' lang='lat' dir='ltr'><strong>xuu,</strong></span> <span class='ocrx_word' id='word_1_638' title='bbox 1236 5641 1327 5697; x_wconf 62' lang='grc' dir='ltr'><strong>Ἠ.</strong></span> 
     </span>
    </p>
   </div>
   <div class='ocr_carea' id='block_1_89' title="bbox 817 5792 1430 5862">
    <p class='ocr_par' dir='ltr' id='par_1_89' title="bbox 817 5792 1430 5862">
     <span class='ocr_line' id='line_1_89' title="bbox 817 5792 1430 5862; baseline 0.005 -14"><span class='ocrx_word' id='word_1_639' title='bbox 817 5798 834 5826; x_wconf 75' lang='grc'><em>⁸</em></span> <span class='ocrx_word' id='word_1_640' title='bbox 863 5792 947 5850; x_wconf 90' lang='lat' dir='ltr'><strong>Cf.</strong></span> <span class='ocrx_word' id='word_1_641' title='bbox 977 5793 1044 5849; x_wconf 85' lang='lat' dir='ltr'><strong>ad</strong></span> <span class='ocrx_word' id='word_1_642' title='bbox 1070 5793 1225 5851; x_wconf 83' lang='lat' dir='ltr'><strong>Thai.</strong></span> <span class='ocrx_word' id='word_1_643' title='bbox 1260 5811 1312 5862; x_wconf 87' lang='lat' dir='ltr'><strong>q.</strong></span> <span class='ocrx_word' id='word_1_644' title='bbox 1345 5797 1430 5854; x_wconf 77' lang='lat'><strong>59.</strong></span> 
     </span>
    </p>
   </div>
   <div class='ocr_carea' id='block_1_90' title="bbox 2379 3197 3976 3284">
    <p class='ocr_par' dir='ltr' id='par_1_90' title="bbox 2379 3197 3976 3284">
     <span class='ocr_line' id='line_1_90' title="bbox 2379 3197 3976 3284; baseline -0.014 -15"><span class='ocrx_word' id='word_1_645' title='bbox 2379 3213 2602 3283; x_wconf 84' lang='grc' dir='ltr'><strong>λογικῆς</strong></span> <span class='ocrx_word' id='word_1_646' title='bbox 2667 3213 2845 3284; x_wconf 80' lang='grc' dir='ltr'><strong>κρατῇ</strong></span> <span class='ocrx_word' id='word_1_647' title='bbox 2893 3208 3218 3278; x_wconf 77' lang='grc' dir='ltr'><strong>διακρίσεως</strong></span> <span class='ocrx_word' id='word_1_648' title='bbox 3246 3221 3262 3238; x_wconf 78' lang='grc' dir='ltr'><strong>ο</strong></span> <span class='ocrx_word' id='word_1_649' title='bbox 3300 3201 3677 3273; x_wconf 74' lang='grc' dir='ltr'><strong>ύφισταμένην</strong></span> <span class='ocrx_word' id='word_1_650' title='bbox 3726 3198 3787 3251; x_wconf 80' lang='grc' dir='ltr'><strong>δὲ</strong></span> <span class='ocrx_word' id='word_1_651' title='bbox 3850 3197 3976 3249; x_wconf 80' lang='grc' dir='ltr'><strong>κατ’</strong></span> 
     </span>
    </p>
   </div>
   <div class='ocr_carea' id='block_1_91' title="bbox 2381 3287 3979 3376">
    <p class='ocr_par' dir='ltr' id='par_1_91' title="bbox 2381 3287 3979 3376">
     <span class='ocr_line' id='line_1_91' title="bbox 2381 3287 3979 3376; baseline -0.013 -16"><span class='ocrx_word' id='word_1_652' title='bbox 2381 3305 2660 3376; x_wconf 72' lang='grc' dir='ltr'><strong>αἴσθησιν,</strong></span> <span class='ocrx_word' id='word_1_653' title='bbox 2703 3304 2833 3357; x_wconf 82' lang='grc' dir='ltr'><strong>ὅταν</strong></span> <span class='ocrx_word' id='word_1_654' title='bbox 2863 3301 2964 3371; x_wconf 83' lang='grc' dir='ltr'><strong>τῆς</strong></span> <span class='ocrx_word' id='word_1_655' title='bbox 2996 3299 3175 3370; x_wconf 80' lang='grc' dir='ltr'><strong>ψυχῆς</strong></span> <span class='ocrx_word' id='word_1_656' title='bbox 3215 3297 3341 3350; x_wconf 79' lang='grc' dir='ltr'><strong>κατ’</strong></span> <span class='ocrx_word' id='word_1_657' title='bbox 3370 3293 3574 3363; x_wconf 80' lang='grc' dir='ltr'><strong>ἀρετὴν</strong></span> <span class='ocrx_word' id='word_1_658' title='bbox 3607 3290 3917 3348; x_wconf 79' lang='grc' dir='ltr'><strong>ἀκωλύτως</strong></span> <span class='ocrx_word' id='word_1_659' title='bbox 3948 3287 3979 3339; x_wconf 77' lang='grc' dir='ltr'><strong><em>ὗ</em></strong></span> 
     </span>
    </p>
   </div>
   <div class='ocr_carea' id='block_1_92' title="bbox 2381 3381 3977 3478">
    <p class='ocr_par' dir='ltr' id='par_1_92' title="bbox 2381 3381 3977 3478">
     <span class='ocr_line' id='line_1_92' title="bbox 2381 3381 3977 3478; baseline -0.014 -25"><span class='ocrx_word' id='word_1_660' title='bbox 2381 3399 2580 3470; x_wconf 86' lang='grc' dir='ltr'><strong>δρόμος</strong></span> <span class='ocrx_word' id='word_1_661' title='bbox 2607 3396 2861 3466; x_wconf 78' lang='grc' dir='ltr'><strong>ἀνύηται·</strong></span> <span class='ocrx_word' id='word_1_662' title='bbox 2904 3391 3156 3447; x_wconf 80' lang='grc' dir='ltr'><strong>τοσοῦτον</strong></span> <span class='ocrx_word' id='word_1_663' title='bbox 3201 3387 3423 3456; x_wconf 88' lang='grc' dir='ltr'><strong>ἐπάγων</strong></span> <span class='ocrx_word' id='word_1_664' title='bbox 3556 3382 3832 3478; x_wconf 58' lang='grc' dir='ltr'><strong>αἰσθηπῖ</strong></span> <span class='ocrx_word' id='word_1_665' title='bbox 3848 3381 3977 3478; x_wconf 62' lang='grc' dir='ltr'><strong>τοὺς</strong></span> 
     </span>
    </p>
   </div>
   <div class='ocr_carea' id='block_1_93' title="bbox 2387 3472 3980 3556">
    <p class='ocr_par' dir='ltr' id='par_1_93' title="bbox 2387 3472 3980 3556">
     <span class='ocr_line' id='line_1_93' title="bbox 2387 3472 3980 3556; baseline -0.014 -12"><span class='ocrx_word' id='word_1_666' title='bbox 2387 3491 2601 3552; x_wconf 85' lang='grc' dir='ltr'><strong>πόνους,</strong></span> <span class='ocrx_word' id='word_1_667' title='bbox 2635 3487 2759 3540; x_wconf 78' lang='grc' dir='ltr'><strong>ὅσον</strong></span> <span class='ocrx_word' id='word_1_668' title='bbox 2787 3483 2980 3556; x_wconf 81' lang='grc' dir='ltr'><strong>ἡδονὴν</strong></span> <span class='ocrx_word' id='word_1_669' title='bbox 3007 3481 3225 3552; x_wconf 76' lang='grc' dir='ltr'><strong>ἐμποιεῖ</strong></span> <span class='ocrx_word' id='word_1_670' title='bbox 3256 3478 3350 3531; x_wconf 76' lang='grc' dir='ltr'><strong>καὶ</strong></span> <span class='ocrx_word' id='word_1_671' title='bbox 3377 3475 3556 3547; x_wconf 78' lang='grc' dir='ltr'><strong>χαράν</strong></span> <span class='ocrx_word' id='word_1_672' title='bbox 3582 3477 3652 3544; x_wconf 79' lang='grc' dir='ltr'><strong>τῇ</strong></span> <span class='ocrx_word' id='word_1_673' title='bbox 3685 3472 3865 3542; x_wconf 79' lang='grc' dir='ltr'><strong>ψυχῇ.</strong></span> <span class='ocrx_word' id='word_1_674' title='bbox 3898 3472 3980 3536; x_wconf 80' lang='grc' dir='ltr'><strong>τῷ</strong></span> 
     </span>
    </p>
   </div>
   <div class='ocr_carea' id='block_1_94' title="bbox 2384 3563 3978 3653">
    <p class='ocr_par' dir='ltr' id='par_1_94' title="bbox 2384 3563 3978 3653">
     <span class='ocr_line' id='line_1_94' title="bbox 2384 3563 3978 3653; baseline -0.016 -14"><span class='ocrx_word' id='word_1_675' title='bbox 2384 3584 2504 3653; x_wconf 85' lang='grc' dir='ltr'><strong>Θεῷ</strong></span> <span class='ocrx_word' id='word_1_676' title='bbox 2532 3576 2944 3652; x_wconf 75' lang='grc' dir='ltr'><strong>προσαγομένη,</strong></span> <span class='ocrx_word' id='word_1_677' title='bbox 2969 3575 3059 3629; x_wconf 83' lang='grc' dir='ltr'><strong>διὰ</strong></span> <span class='ocrx_word' id='word_1_678' title='bbox 3083 3572 3183 3644; x_wconf 79' lang='grc' dir='ltr'><strong>τῆς</strong></span> <span class='ocrx_word' id='word_1_679' title='bbox 3213 3567 3512 3640; x_wconf 78' lang='grc' dir='ltr'><strong>συγγενοῦς</strong></span> <span class='ocrx_word' id='word_1_680' title='bbox 3540 3567 3660 3620; x_wconf 80' lang='grc' dir='ltr'><strong>κατ’</strong></span> <span class='ocrx_word' id='word_1_681' title='bbox 3683 3563 3902 3635; x_wconf 78' lang='grc' dir='ltr'><strong>ἀρετήν</strong></span> <span class='ocrx_word' id='word_1_682' title='bbox 3918 3578 3978 3615; x_wconf 77' lang='grc' dir='ltr'><strong>τε</strong></span> 
     </span>
    </p>
   </div>
   <div class='ocr_carea' id='block_1_95' title="bbox 2386 3668 3086 3744">
    <p class='ocr_par' dir='ltr' id='par_1_95' title="bbox 2386 3668 3086 3744">
     <span class='ocr_line' id='line_1_95' title="bbox 2386 3668 3086 3744; baseline -0.014 -14"><span class='ocrx_word' id='word_1_683' title='bbox 2386 3676 2481 3730; x_wconf 78' lang='grc' dir='ltr'><strong>καὶ</strong></span> <span class='ocrx_word' id='word_1_684' title='bbox 2510 3673 2714 3744; x_wconf 85' lang='grc' dir='ltr'><strong>γνῶσιν</strong></span> <span class='ocrx_word' id='word_1_685' title='bbox 2742 3668 3086 3740; x_wconf 77' lang='grc' dir='ltr'><strong>ἐλλάμψεως.</strong></span> 
     </span>
    </p>
   </div>
   <div class='ocr_carea' id='block_1_96' title="bbox 2464 3918 3981 4001">
    <p class='ocr_par' dir='ltr' id='par_1_96' title="bbox 2464 3918 3981 4001">
     <span class='ocr_line' id='line_1_96' title="bbox 2464 3918 3981 4001; baseline -0.011 -15"><span class='ocrx_word' id='word_1_686' title='bbox 2464 3939 2555 3988; x_wconf 86' lang='grc' dir='ltr'><strong>ια’.</strong></span> <span class='ocrx_word' id='word_1_687' title='bbox 2586 3929 2813 4001; x_wconf 76' lang='grc' dir='ltr'><strong>Ἡδονὴν</strong></span> <span class='ocrx_word' id='word_1_688' title='bbox 2857 3926 3008 3996; x_wconf 86' lang='grc' dir='ltr'><strong>λέγει</strong></span> <span class='ocrx_word' id='word_1_689' title='bbox 3039 3925 3324 3995; x_wconf 81' lang='grc' dir='ltr'><strong>σωτήριον,</strong></span> <span class='ocrx_word' id='word_1_690' title='bbox 3358 3921 3458 3993; x_wconf 76' lang='grc' dir='ltr'><strong>τὴν</strong></span> <span class='ocrx_word' id='word_1_691' title='bbox 3483 3919 3568 3974; x_wconf 85' lang='grc' dir='ltr'><strong>ἐπ’</strong></span> <span class='ocrx_word' id='word_1_692' title='bbox 3589 3920 3763 3990; x_wconf 78' lang='grc' dir='ltr'><strong>ἀρετῇ</strong></span> <span class='ocrx_word' id='word_1_693' title='bbox 3801 3918 3981 3988; x_wconf 71' lang='grc' dir='ltr'><strong>χαρὰν</strong></span> 
     </span>
    </p>
   </div>
   <div class='ocr_carea' id='block_1_97' title="bbox 2390 4011 3978 4095">
    <p class='ocr_par' dir='ltr' id='par_1_97' title="bbox 2390 4011 3978 4095">
     <span class='ocr_line' id='line_1_97' title="bbox 2390 4011 3978 4095; baseline -0.01 -17"><span class='ocrx_word' id='word_1_694' title='bbox 2390 4026 2491 4095; x_wconf 80' lang='grc' dir='ltr'><strong>τῆς</strong></span> <span class='ocrx_word' id='word_1_695' title='bbox 2519 4023 2716 4094; x_wconf 77' lang='grc' dir='ltr'><strong>ψυχῆς·</strong></span> <span class='ocrx_word' id='word_1_696' title='bbox 2764 4021 3039 4090; x_wconf 80' lang='grc' dir='ltr'><strong>ὠφέλιμον</strong></span> <span class='ocrx_word' id='word_1_697' title='bbox 3092 4018 3150 4071; x_wconf 85' lang='grc' dir='ltr'><strong>δέ</strong></span> <span class='ocrx_word' id='word_1_698' title='bbox 3199 4017 3398 4087; x_wconf 83' lang='grc' dir='ltr'><strong>λύπην,</strong></span> <span class='ocrx_word' id='word_1_699' title='bbox 3451 4013 3550 4084; x_wconf 77' lang='grc' dir='ltr'><strong>τὴν</strong></span> <span class='ocrx_word' id='word_1_700' title='bbox 3591 4011 3736 4082; x_wconf 79' lang='grc' dir='ltr'><strong>ὑπὲρ</strong></span> <span class='ocrx_word' id='word_1_701' title='bbox 3772 4011 3978 4080; x_wconf 78' lang='grc' dir='ltr'><strong>ἀρετῆς</strong></span> 
     </span>
    </p>
   </div>
   <div class='ocr_carea' id='block_1_98' title="bbox 2391 4099 3978 4186">
    <p class='ocr_par' dir='ltr' id='par_1_98' title="bbox 2391 4099 3978 4186">
     <span class='ocr_line' id='line_1_98' title="bbox 2391 4099 3978 4186; baseline -0.012 -15"><span class='ocrx_word' id='word_1_702' title='bbox 2391 4118 2586 4185; x_wconf 86' lang='grc' dir='ltr'><strong>ὀδύνην</strong></span> <span class='ocrx_word' id='word_1_703' title='bbox 2635 4116 2734 4186; x_wconf 80' lang='grc' dir='ltr'><strong>τῆς</strong></span> <span class='ocrx_word' id='word_1_704' title='bbox 2769 4113 2992 4186; x_wconf 76' lang='grc' dir='ltr'><strong>σαρκός.</strong></span> <span class='ocrx_word' id='word_1_705' title='bbox 3040 4112 3100 4165; x_wconf 88' lang='grc' dir='ltr'>Ὀ</span> <span class='ocrx_word' id='word_1_706' title='bbox 3145 4109 3278 4178; x_wconf 82' lang='grc' dir='ltr'><strong>γοῦν</strong></span> <span class='ocrx_word' id='word_1_707' title='bbox 3332 4106 3533 4160; x_wconf 85' lang='grc' dir='ltr'><strong>πάθεσι</strong></span> <span class='ocrx_word' id='word_1_708' title='bbox 3584 4099 3978 4174; x_wconf 82' lang='grc' dir='ltr'><strong>προστετηκὼς</strong></span> 
     </span>
    </p>
   </div>
   <div class='ocr_carea' id='block_1_99' title="bbox 2392 4193 3972 4277">
    <p class='ocr_par' dir='ltr' id='par_1_99' title="bbox 2392 4193 3972 4277">
     <span class='ocr_line' id='line_1_99' title="bbox 2392 4193 3972 4277; baseline -0.013 -16"><span class='ocrx_word' id='word_1_709' title='bbox 2392 4209 2489 4262; x_wconf 80' lang='grc' dir='ltr'><strong>καὶ</strong></span> <span class='ocrx_word' id='word_1_710' title='bbox 2529 4206 2871 4277; x_wconf 83' lang='grc' dir='ltr'><strong>πράγμασιν,</strong></span> <span class='ocrx_word' id='word_1_711' title='bbox 2917 4202 3002 4271; x_wconf 83' lang='grc' dir='ltr'><strong>ἐφ’</strong></span> <span class='ocrx_word' id='word_1_712' title='bbox 3030 4199 3067 4254; x_wconf 76' lang='grc' dir='ltr'><strong>ἃ.</strong></span> <span class='ocrx_word' id='word_1_713' title='bbox 3101 4199 3174 4270; x_wconf 87' lang='grc' dir='ltr'><strong>μὴ</strong></span> <span class='ocrx_word' id='word_1_714' title='bbox 3220 4198 3300 4250; x_wconf 85' lang='grc' dir='ltr'><strong>δεῖ</strong></span> <span class='ocrx_word' id='word_1_715' title='bbox 3345 4195 3446 4258; x_wconf 76' lang='grc' dir='ltr'><strong>τὰς</strong></span> <span class='ocrx_word' id='word_1_716' title='bbox 3495 4193 3674 4264; x_wconf 80' lang='grc' dir='ltr'><strong>ὁρμὰς</strong></span> <span class='ocrx_word' id='word_1_717' title='bbox 3713 4194 3972 4245; x_wconf 71' lang='grc' dir='ltr'><strong>ποιεῖταιο</strong></span> 
     </span>
    </p>
   </div>
   <div class='ocr_carea' id='block_1_100' title="bbox 2394 4283 3980 4364">
    <p class='ocr_par' dir='ltr' id='par_1_100' title="bbox 2394 4283 3980 4364">
     <span class='ocr_line' id='line_1_100' title="bbox 2394 4283 3980 4364; baseline -0.015 -11"><span class='ocrx_word' id='word_1_718' title='bbox 2394 4300 2488 4353; x_wconf 76' lang='grc' dir='ltr'><strong>καὶ</strong></span> <span class='ocrx_word' id='word_1_719' title='bbox 2533 4301 2561 4351; x_wconf 89' lang='grc' dir='ltr'>ὁ</span> <span class='ocrx_word' id='word_1_720' title='bbox 2608 4296 2706 4360; x_wconf 88' lang='grc' dir='ltr'><strong>τάς</strong></span> <span class='ocrx_word' id='word_1_721' title='bbox 2740 4294 3029 4364; x_wconf 76' lang='grc' dir='ltr'><strong>ποιητικὰς</strong></span> <span class='ocrx_word' id='word_1_722' title='bbox 3053 4292 3151 4361; x_wconf 79' lang='grc' dir='ltr'><strong>τῆς</strong></span> <span class='ocrx_word' id='word_1_723' title='bbox 3177 4289 3286 4342; x_wconf 84' lang='grc' dir='ltr'><strong>τῶν</strong></span> <span class='ocrx_word' id='word_1_724' title='bbox 3310 4287 3501 4340; x_wconf 83' lang='grc' dir='ltr'><strong>παθῶν</strong></span> <span class='ocrx_word' id='word_1_725' title='bbox 3529 4286 3621 4337; x_wconf 79' lang='grc' dir='ltr'><strong>καὶ</strong></span> <span class='ocrx_word' id='word_1_726' title='bbox 3652 4283 3764 4336; x_wconf 83' lang='grc' dir='ltr'><strong>τῶν</strong></span> <span class='ocrx_word' id='word_1_727' title='bbox 3797 4297 3980 4351; x_wconf 77' lang='grc' dir='ltr'><strong>πραγ-</strong></span> 
     </span>
    </p>
   </div>
   <div class='ocr_carea' id='block_1_101' title="bbox 2402 4370 3980 4459">
    <p class='ocr_par' dir='ltr' id='par_1_101' title="bbox 2402 4370 3980 4459">
     <span class='ocr_line' id='line_1_101' title="bbox 2402 4370 3980 4459; baseline -0.012 -18"><span class='ocrx_word' id='word_1_728' title='bbox 2402 4388 2592 4459; x_wconf 83' lang='grc' dir='ltr'><strong>μάτων</strong></span> <span class='ocrx_word' id='word_1_729' title='bbox 2629 4385 2938 4455; x_wconf 81' lang='grc' dir='ltr'><strong>στερήσεως</strong></span> <span class='ocrx_word' id='word_1_730' title='bbox 2978 4379 3278 4449; x_wconf 75' lang='grc' dir='ltr'><strong>συμϐάσεις</strong></span> <span class='ocrx_word' id='word_1_731' title='bbox 3314 4376 3414 4428; x_wconf 86' lang='grc' dir='ltr'><strong>ούκ</strong></span> <span class='ocrx_word' id='word_1_732' title='bbox 3442 4371 3855 4440; x_wconf 75' lang='grc' dir='ltr'><strong>ἀσπαζόμενος,</strong></span> <span class='ocrx_word' id='word_1_733' title='bbox 3891 4370 3980 4439; x_wconf 69' lang='grc' dir='ltr'><strong>ἀφ’</strong></span> 
     </span>
    </p>
   </div>
   <div class='ocr_carea' id='block_1_102' title="bbox 2323 4462 3405 4546">
    <p class='ocr_par' dir='ltr' id='par_1_102' title="bbox 2323 4462 3405 4546">
     <span class='ocr_line' id='line_1_102' title="bbox 2323 4462 3405 4546; baseline -0.014 -13"><span class='ocrx_word' id='word_1_734' title='bbox 2323 4462 2371 4516; x_wconf 76' lang='grc' dir='ltr'><strong>ι)</strong></span> <span class='ocrx_word' id='word_1_735' title='bbox 2397 4473 2472 4532; x_wconf 80' lang='grc' dir='ltr'><strong>ὧν</strong></span> <span class='ocrx_word' id='word_1_736' title='bbox 2499 4477 2575 4546; x_wconf 79' lang='grc' dir='ltr'><strong>μὴ</strong></span> <span class='ocrx_word' id='word_1_737' title='bbox 2598 4474 2680 4527; x_wconf 87' lang='grc' dir='ltr'><strong>δεῖ</strong></span> <span class='ocrx_word' id='word_1_738' title='bbox 2702 4473 2801 4534; x_wconf 84' lang='grc' dir='ltr'><strong>τὰς</strong></span> <span class='ocrx_word' id='word_1_739' title='bbox 2831 4469 3119 4538; x_wconf 77' lang='grc' dir='ltr'><strong>ἀποφυγὰς</strong></span> <span class='ocrx_word' id='word_1_740' title='bbox 3150 4468 3405 4520; x_wconf 83' lang='grc' dir='ltr'><strong>ποιεῖται.</strong></span> 
     </span>
    </p>
   </div>
   <div class='ocr_carea' id='block_1_103' title="bbox 2481 4551 3977 4638">
    <p class='ocr_par' dir='ltr' id='par_1_103' title="bbox 2481 4551 3977 4638">
     <span class='ocr_line' id='line_1_103' title="bbox 2481 4551 3977 4638; baseline -0.011 -17"><span class='ocrx_word' id='word_1_741' title='bbox 2481 4569 2568 4638; x_wconf 82' lang='grc' dir='ltr'><strong>ιβ’.</strong></span> <span class='ocrx_word' id='word_1_742' title='bbox 2605 4568 2622 4587; x_wconf 72' lang='grc'><strong><em>⁸</em></strong></span> <span class='ocrx_word' id='word_1_743' title='bbox 2649 4563 2786 4619; x_wconf 76' lang='grc' dir='ltr'><strong>Οὔτε</strong></span> <span class='ocrx_word' id='word_1_744' title='bbox 2820 4563 2854 4633; x_wconf 82' lang='grc' dir='ltr'><strong>ἡ</strong></span> <span class='ocrx_word' id='word_1_745' title='bbox 2880 4562 3002 4616; x_wconf 83' lang='grc' dir='ltr'><strong>θεία</strong></span> <span class='ocrx_word' id='word_1_746' title='bbox 3045 4560 3204 4630; x_wconf 88' lang='grc' dir='ltr'><strong>χάρις</strong></span> <span class='ocrx_word' id='word_1_747' title='bbox 3237 4557 3453 4627; x_wconf 78' lang='grc' dir='ltr'><strong>ἐνεργεῖ</strong></span> <span class='ocrx_word' id='word_1_748' title='bbox 3482 4554 3805 4625; x_wconf 71' lang='grc' dir='ltr'><strong>φωτισμοὺς</strong></span> <span class='ocrx_word' id='word_1_749' title='bbox 3836 4551 3977 4620; x_wconf 74' lang='grc' dir='ltr'><strong>γνώο</strong></span> 
     </span>
    </p>
   </div>
   <div class='ocr_carea' id='block_1_104' title="bbox 2402 4642 3972 4724">
    <p class='ocr_par' dir='ltr' id='par_1_104' title="bbox 2402 4642 3972 4724">
     <span class='ocr_line' id='line_1_104' title="bbox 2402 4642 3972 4724; baseline -0.014 -11"><span class='ocrx_word' id='word_1_750' title='bbox 2402 4675 2560 4724; x_wconf 87' lang='grc' dir='ltr'><strong>σεως,</strong></span> <span class='ocrx_word' id='word_1_751' title='bbox 2605 4655 2705 4708; x_wconf 77' lang='grc' dir='ltr'><strong>οὐκ</strong></span> <span class='ocrx_word' id='word_1_752' title='bbox 2736 4651 2886 4714; x_wconf 78' lang='grc' dir='ltr'><strong>δντος</strong></span> <span class='ocrx_word' id='word_1_753' title='bbox 2915 4648 3008 4704; x_wconf 80' lang='grc' dir='ltr'><strong>τοῦ</strong></span> <span class='ocrx_word' id='word_1_754' title='bbox 3047 4646 3189 4702; x_wconf 74' lang='grc' dir='ltr'><strong>κατὰ</strong></span> <span class='ocrx_word' id='word_1_755' title='bbox 3222 4645 3454 4715; x_wconf 86' lang='grc' dir='ltr'><strong>δύναμιν</strong></span> <span class='ocrx_word' id='word_1_756' title='bbox 3489 4643 3727 4712; x_wconf 81' lang='grc' dir='ltr'><strong>φυσικὴν</strong></span> <span class='ocrx_word' id='word_1_757' title='bbox 3755 4642 3972 4711; x_wconf 76' lang='grc' dir='ltr'><strong>δεχομέ-</strong></span> 
     </span>
    </p>
   </div>
   <div class='ocr_carea' id='block_1_105' title="bbox 2400 4727 3977 4815">
    <p class='ocr_par' dir='ltr' id='par_1_105' title="bbox 2400 4727 3977 4815">
     <span class='ocr_line' id='line_1_105' title="bbox 2400 4727 3977 4815; baseline -0.017 -9"><span class='ocrx_word' id='word_1_758' title='bbox 2400 4769 2490 4806; x_wconf 91' lang='grc' dir='ltr'><strong>νου</strong></span> <span class='ocrx_word' id='word_1_759' title='bbox 2516 4749 2607 4802; x_wconf 86' lang='grc' dir='ltr'><strong>τδν</strong></span> <span class='ocrx_word' id='word_1_760' title='bbox 2647 4743 2928 4815; x_wconf 75' lang='grc' dir='ltr'><strong>φωτισμόν</strong></span> <span class='ocrx_word' id='word_1_761' title='bbox 2953 4758 2966 4771; x_wconf 90' lang='grc'><strong>·</strong></span> <span class='ocrx_word' id='word_1_762' title='bbox 3007 4739 3130 4793; x_wconf 72' lang='grc' dir='ltr'><strong>οὔτε</strong></span> <span class='ocrx_word' id='word_1_763' title='bbox 3163 4738 3271 4809; x_wconf 73' lang='grc' dir='ltr'><strong>μὴν</strong></span> <span class='ocrx_word' id='word_1_764' title='bbox 3311 4737 3371 4789; x_wconf 82' lang='grc' dir='ltr'><strong>τὸ</strong></span> <span class='ocrx_word' id='word_1_765' title='bbox 3411 4734 3662 4788; x_wconf 79' lang='grc' dir='ltr'><strong>δεκτικὸν</strong></span> <span class='ocrx_word' id='word_1_766' title='bbox 3702 4731 3835 4803; x_wconf 57' lang='grc' dir='ltr'><strong>δίχα</strong></span> <span class='ocrx_word' id='word_1_767' title='bbox 3888 4727 3977 4796; x_wconf 77' lang='grc' dir='ltr'><strong>τῆς</strong></span> 
     </span>
    </p>
   </div>
   <div class='ocr_carea' id='block_1_106' title="bbox 2401 4824 3976 4913">
    <p class='ocr_par' dir='ltr' id='par_1_106' title="bbox 2401 4824 3976 4913">
     <span class='ocr_line' id='line_1_106' title="bbox 2401 4824 3976 4913; baseline -0.013 -18"><span class='ocrx_word' id='word_1_768' title='bbox 2401 4838 2744 4913; x_wconf 81' lang='grc' dir='ltr'><strong>χορηγούσης</strong></span> <span class='ocrx_word' id='word_1_769' title='bbox 2775 4835 3017 4905; x_wconf 87' lang='grc' dir='ltr'><strong>χάριτος,</strong></span> <span class='ocrx_word' id='word_1_770' title='bbox 3048 4831 3138 4884; x_wconf 76' lang='grc' dir='ltr'><strong>τὸν</strong></span> <span class='ocrx_word' id='word_1_771' title='bbox 3166 4827 3445 4898; x_wconf 72' lang='grc' dir='ltr'><strong>φωτισμὸν</strong></span> <span class='ocrx_word' id='word_1_772' title='bbox 3473 4827 3686 4896; x_wconf 82' lang='grc' dir='ltr'><strong>ἐνεργεῖ</strong></span> <span class='ocrx_word' id='word_1_773' title='bbox 3700 4824 3976 4892; x_wconf 84' lang='grc' dir='ltr'><strong>γνώσεως.</strong></span> 
     </span>
    </p>
   </div>
   <div class='ocr_carea' id='block_1_107' title="bbox 2473 4916 3977 5000">
    <p class='ocr_par' dir='ltr' id='par_1_107' title="bbox 2473 4916 3977 5000">
     <span class='ocr_line' id='line_1_107' title="bbox 2473 4916 3977 5000; baseline -0.013 -15"><span class='ocrx_word' id='word_1_774' title='bbox 2473 4938 2560 5000; x_wconf 88' lang='grc' dir='ltr'><strong>ιγ’.</strong></span> <span class='ocrx_word' id='word_1_775' title='bbox 2594 4928 2730 4984; x_wconf 73' lang='grc' dir='ltr'><strong>Οὔτε</strong></span> <span class='ocrx_word' id='word_1_776' title='bbox 2765 4928 2800 4998; x_wconf 80' lang='grc' dir='ltr'>ἡ</span> <span class='ocrx_word' id='word_1_777' title='bbox 2840 4925 2999 4996; x_wconf 88' lang='grc' dir='ltr'><strong>χάρις</strong></span> <span class='ocrx_word' id='word_1_778' title='bbox 3043 4921 3139 4976; x_wconf 79' lang='grc' dir='ltr'><strong>τοῦ</strong></span> <span class='ocrx_word' id='word_1_779' title='bbox 3172 4919 3441 4988; x_wconf 82' lang='grc' dir='ltr'><strong>παναγίου</strong></span> <span class='ocrx_word' id='word_1_780' title='bbox 3474 4917 3796 4988; x_wconf 82' lang='grc' dir='ltr'><strong>Πνεύματος</strong></span> <span class='ocrx_word' id='word_1_781' title='bbox 3831 4916 3977 4988; x_wconf 84' lang='grc' dir='ltr'><strong>ἐνερ-</strong></span> 
     </span>
    </p>
   </div>
   <div class='ocr_carea' id='block_1_108' title="bbox 2397 5009 3976 5095">
    <p class='ocr_par' dir='ltr' id='par_1_108' title="bbox 2397 5009 3976 5095">
     <span class='ocr_line' id='line_1_108' title="bbox 2397 5009 3976 5095; baseline -0.013 -16"><span class='ocrx_word' id='word_1_782' title='bbox 2397 5028 2486 5095; x_wconf 89' lang='grc' dir='ltr'><strong>γεῖ</strong></span> <span class='ocrx_word' id='word_1_783' title='bbox 2517 5021 2705 5090; x_wconf 80' lang='grc' dir='ltr'><strong>σοφίαν</strong></span> <span class='ocrx_word' id='word_1_784' title='bbox 2735 5020 2791 5072; x_wconf 88' lang='grc' dir='ltr'><strong>ἐν</strong></span> <span class='ocrx_word' id='word_1_785' title='bbox 2812 5019 2924 5081; x_wconf 86' lang='grc' dir='ltr'><strong>τοῖς</strong></span> <span class='ocrx_word' id='word_1_786' title='bbox 2968 5015 3164 5086; x_wconf 78' lang='grc' dir='ltr'><strong>ἁγίοις,</strong></span> <span class='ocrx_word' id='word_1_787' title='bbox 3197 5014 3364 5084; x_wconf 73' lang='grc' dir='ltr'><strong>χωρὶς</strong></span> <span class='ocrx_word' id='word_1_788' title='bbox 3393 5010 3484 5064; x_wconf 83' lang='grc' dir='ltr'><strong>τοῦ</strong></span> <span class='ocrx_word' id='word_1_789' title='bbox 3509 5010 3713 5080; x_wconf 71' lang='grc' dir='ltr'><strong>ταύτην</strong></span> <span class='ocrx_word' id='word_1_790' title='bbox 3755 5009 3976 5078; x_wconf 81' lang='grc' dir='ltr'><strong>δεχομέ-</strong></span> 
     </span>
    </p>
   </div>
   <div class='ocr_carea' id='block_1_109' title="bbox 2401 5099 3976 5178">
    <p class='ocr_par' dir='ltr' id='par_1_109' title="bbox 2401 5099 3976 5178">
     <span class='ocr_line' id='line_1_109' title="bbox 2401 5099 3976 5178; baseline -0.011 -10"><span class='ocrx_word' id='word_1_791' title='bbox 2401 5132 2493 5169; x_wconf 91' lang='grc' dir='ltr'><strong>νου</strong></span> <span class='ocrx_word' id='word_1_792' title='bbox 2524 5111 2662 5175; x_wconf 72' lang='grc' dir='ltr'><strong>νοόςο</strong></span> <span class='ocrx_word' id='word_1_793' title='bbox 2698 5108 2825 5163; x_wconf 78' lang='grc' dir='ltr'><strong>οὔτε</strong></span> <span class='ocrx_word' id='word_1_794' title='bbox 2853 5107 3056 5178; x_wconf 83' lang='grc' dir='ltr'><strong>γνῶσιν</strong></span> <span class='ocrx_word' id='word_1_795' title='bbox 3082 5105 3253 5176; x_wconf 69' lang='grc' dir='ltr'><strong>χωρὶς</strong></span> <span class='ocrx_word' id='word_1_796' title='bbox 3282 5103 3382 5172; x_wconf 76' lang='grc' dir='ltr'><strong>τῆς</strong></span> <span class='ocrx_word' id='word_1_797' title='bbox 3414 5099 3669 5168; x_wconf 82' lang='grc' dir='ltr'><strong>δεκτικῆς</strong></span> <span class='ocrx_word' id='word_1_798' title='bbox 3695 5099 3798 5152; x_wconf 76' lang='grc' dir='ltr'><strong>τοῦ</strong></span> <span class='ocrx_word' id='word_1_799' title='bbox 3828 5099 3976 5167; x_wconf 79' lang='grc' dir='ltr'><strong>λόγου</strong></span> 
     </span>
    </p>
   </div>
   <div class='ocr_carea' id='block_1_110' title="bbox 2401 5189 3978 5273">
    <p class='ocr_par' dir='ltr' id='par_1_110' title="bbox 2401 5189 3978 5273">
     <span class='ocr_line' id='line_1_110' title="bbox 2401 5189 3978 5273; baseline -0.013 -14"><span class='ocrx_word' id='word_1_800' title='bbox 2401 5203 2701 5273; x_wconf 84' lang='grc' dir='ltr'><strong>δυνάμεως·</strong></span> <span class='ocrx_word' id='word_1_801' title='bbox 2735 5200 2859 5254; x_wconf 77' lang='grc' dir='ltr'><strong>οὕτε</strong></span> <span class='ocrx_word' id='word_1_802' title='bbox 2888 5197 3068 5251; x_wconf 84' lang='grc' dir='ltr'><strong>πίστει</strong></span> <span class='ocrx_word' id='word_1_803' title='bbox 3096 5195 3224 5248; x_wconf 77' lang='grc' dir='ltr'><strong>ἄνευ</strong></span> <span class='ocrx_word' id='word_1_804' title='bbox 3247 5193 3344 5263; x_wconf 82' lang='grc' dir='ltr'><strong>τῆς</strong></span> <span class='ocrx_word' id='word_1_805' title='bbox 3374 5190 3514 5244; x_wconf 84' lang='grc' dir='ltr'><strong>κατά</strong></span> <span class='ocrx_word' id='word_1_806' title='bbox 3547 5189 3672 5242; x_wconf 82' lang='grc' dir='ltr'><strong>νοῦν</strong></span> <span class='ocrx_word' id='word_1_807' title='bbox 3699 5189 3802 5241; x_wconf 73' lang='grc' dir='ltr'><strong>καὶ</strong></span> <span class='ocrx_word' id='word_1_808' title='bbox 3829 5189 3978 5257; x_wconf 79' lang='grc' dir='ltr'><strong>λόγον</strong></span> 
     </span>
    </p>
   </div>
   <div class='ocr_carea' id='block_1_111' title="bbox 2405 5279 3974 5365">
    <p class='ocr_par' dir='ltr' id='par_1_111' title="bbox 2405 5279 3974 5365">
     <span class='ocr_line' id='line_1_111' title="bbox 2405 5279 3974 5365; baseline -0.011 -17"><span class='ocrx_word' id='word_1_809' title='bbox 2405 5295 2516 5348; x_wconf 84' lang='grc' dir='ltr'><strong>τῶν</strong></span> <span class='ocrx_word' id='word_1_810' title='bbox 2549 5293 2851 5365; x_wconf 87' lang='grc' dir='ltr'><strong>μελλόντων</strong></span> <span class='ocrx_word' id='word_1_811' title='bbox 2880 5290 2974 5342; x_wconf 75' lang='grc' dir='ltr'><strong>καὶ</strong></span> <span class='ocrx_word' id='word_1_812' title='bbox 3008 5288 3142 5340; x_wconf 82' lang='grc' dir='ltr'><strong>πᾶσι</strong></span> <span class='ocrx_word' id='word_1_813' title='bbox 3172 5286 3310 5347; x_wconf 82' lang='grc' dir='ltr'><strong>τέως</strong></span> <span class='ocrx_word' id='word_1_814' title='bbox 3338 5284 3551 5354; x_wconf 74' lang='grc' dir='ltr'><strong>ἀδήλων</strong></span> <span class='ocrx_word' id='word_1_815' title='bbox 3583 5279 3974 5351; x_wconf 62' lang='grc' dir='ltr'><strong>πληροφορίας</strong></span> 
     </span>
    </p>
   </div>
   <div class='ocr_carea' id='block_1_112' title="bbox 2409 5369 3978 5455">
    <p class='ocr_par' dir='ltr' id='par_1_112' title="bbox 2409 5369 3978 5455">
     <span class='ocr_line' id='line_1_112' title="bbox 2409 5369 3978 5455; baseline -0.011 -15"><span class='ocrx_word' id='word_1_816' title='bbox 2409 5385 2532 5442; x_wconf 64' lang='grc' dir='ltr'><strong>οὔτε</strong></span> <span class='ocrx_word' id='word_1_817' title='bbox 2567 5383 2812 5455; x_wconf 76' lang='grc' dir='ltr'><strong>ἰαμάτων</strong></span> <span class='ocrx_word' id='word_1_818' title='bbox 2835 5379 3168 5452; x_wconf 77' lang='grc' dir='ltr'><strong>χαρίσματα,</strong></span> <span class='ocrx_word' id='word_1_819' title='bbox 3195 5377 3318 5447; x_wconf 77' lang='grc' dir='ltr'><strong>δίχα</strong></span> <span class='ocrx_word' id='word_1_820' title='bbox 3359 5379 3458 5446; x_wconf 84' lang='grc' dir='ltr'><strong>τῆς</strong></span> <span class='ocrx_word' id='word_1_821' title='bbox 3504 5371 3644 5427; x_wconf 78' lang='grc' dir='ltr'><strong>κατὰ</strong></span> <span class='ocrx_word' id='word_1_822' title='bbox 3675 5371 3843 5442; x_wconf 79' lang='grc' dir='ltr'><strong>φύσιν</strong></span> <span class='ocrx_word' id='word_1_823' title='bbox 3872 5369 3978 5439; x_wconf 77' lang='grc' dir='ltr'><strong>φιλ-</strong></span> 
     </span>
    </p>
   </div>
   <div class='ocr_carea' id='block_1_113' title="bbox 2410 5463 3977 5556">
    <p class='ocr_par' dir='ltr' id='par_1_113' title="bbox 2410 5463 3977 5556">
     <span class='ocr_line' id='line_1_113' title="bbox 2410 5463 3977 5556; baseline -0.015 -17"><span class='ocrx_word' id='word_1_824' title='bbox 2410 5480 2744 5556; x_wconf 84' lang='grc' dir='ltr'><strong>ανορωπίας·</strong></span> <span class='ocrx_word' id='word_1_825' title='bbox 2794 5476 2918 5531; x_wconf 81' lang='grc' dir='ltr'><strong>ούτε</strong></span> <span class='ocrx_word' id='word_1_826' title='bbox 2970 5493 3020 5530; x_wconf 88' lang='grc' dir='ltr'><strong>τι</strong></span> <span class='ocrx_word' id='word_1_827' title='bbox 3075 5472 3263 5541; x_wconf 74' lang='grc' dir='ltr'><strong>ἕτερον</strong></span> <span class='ocrx_word' id='word_1_828' title='bbox 3319 5468 3428 5524; x_wconf 84' lang='grc' dir='ltr'><strong>τῶν</strong></span> <span class='ocrx_word' id='word_1_829' title='bbox 3474 5466 3678 5522; x_wconf 86' lang='grc' dir='ltr'><strong>λοιπῶν</strong></span> <span class='ocrx_word' id='word_1_830' title='bbox 3708 5463 3977 5537; x_wconf 79' lang='grc' dir='ltr'><strong>χαρισμά-</strong></span> 
     </span>
    </p>
   </div>
  </div>
