4192 6436
266 419 404 486 1309

933 426 1265 488 CAPITUM
1303 428 1724 501 QUINQUIES
1760 426 2279 491 CENTENORUM
2315 429 2701 491 CENTURIA
2744 429 2842 490 IV.

3378 415 3511 481 1310

257 550 387 593 των.
415 534 587 605 χωρὶς
611 534 711 605 τῆς
738 534 970 589 ἑκάστου
994 535 1247 607 δεκτικῆς
1283 534 1450 601 ἒξεὼς
1465 555 1524 591 τε
1554 537 1650 591 καὶ
1676 537 1837 592 δυνά·
1866 565 1879 598 Α

1952 553 2175 606 quorum
2206 538 2444 601 donum,
2472 537 2676 607 absque
2708 536 2898 592 habitu
2932 548 2998 589 ac
3029 528 3289 587 facultate
3322 530 3510 596 cujus-

262 641 429 694 μεως·
466 623 595 677 οὔτε
639 625 744 696 μὴν
788 626 951 680 πάλιν
994 626 1053 679 ἐν
1090 628 1200 680 τῶν
1242 628 1718 699 ἀπηριθμημένων
1742 630 1836 684 άν-

260 714 479 784 θρωπος
526 718 790 784 κτήσεται
822 716 982 771 κατά
1023 717 1253 789 δύναμιν
1288 719 1547 787 φυσικὴν,
1591 718 1714 787 δίχα
1738 722 1838 787 τῆς

256 804 604 874 χορηγούσης
620 805 790 858 ταῦτα
816 806 965 869 θείας
988 807 1289 877 δυνάμεως.
1312 809 1427 860 Καὶ
1438 808 1657 875 δηλοῦσι
1680 808 1839 861 τοῦτο

262 898 451 964 σιφῶς
494 897 693 961 πάντες
755 898 921 967 ἆγιοι,
978 900 1121 969 μετά
1162 900 1261 963 τὰς
1310 900 1679 969 ἀποκαλύψεις
1729 900 1839 953 τῶν

258 989 442 1055 θείων,
472 989 763 1059 ζητοῦντες
808 990 918 1043 τῶν
950 992 1445 1062 ἀποκαλυφθέντων
1480 995 1607 1057 τοὺς
1626 994 1835 1063 λόγους.

354 1161 415 1216 δ’.
456 1162 515 1217 ’0
542 1162 663 1232 δίχα
693 1163 899 1229 πάθους
931 1165 1120 1230 αἰτῶν,
1146 1165 1417 1237 λαμϐάνει
1440 1167 1537 1238 τὴν
1563 1168 1658 1222 τοῦ
1688 1169 1840 1240 ἐνερ-

258 1256 379 1321 γεῖν
417 1253 683 1310 δύνασθαι
729 1257 888 1327 χάριν
936 1260 1079 1312 κατά
1115 1258 1213 1329 τὴν
1239 1258 1439 1329 πρᾶξιν
1485 1260 1585 1324 τὰς
1616 1261 1835 1333 ἀρετάς·

258 1346 357 1397 καὶ
398 1347 426 1399 6
472 1346 649 1417 ζητῶν
709 1348 959 1412 ἀπαθῶς.
1009 1349 1256 1420 εὑρίσκει
1299 1353 1439 1405 κατά
1472 1351 1571 1423 τὴν
1604 1353 1841 1425 φυσικὴν

258 1436 517 1506 Θεωρίαν,
544 1439 642 1508 τὴν
672 1440 729 1491 ἐν
760 1441 872 1501 τοῖς
916 1438 1068 1493 οὖσιν
1107 1441 1365 1511 ἀλήθειαν
1393 1459 1406 1471 ο
1431 1444 1525 1495 καὶ
1565 1444 1594 1495 6
1626 1442 1840 1513 κρούων

256 1528 486 1591 ἀπαθῶς
528 1529 626 1600 τὴν
668 1529 838 1601 θύραν
865 1532 961 1599 τῆς
991 1531 1264 1599 γνώσεως,
1313 1532 1607 1595 ἀκωλύτως
1639 1535 1717 1595 εἰς
1742 1533 1842 1601 τὴν

256 1620 581 1690 ἀπόκρυφον
609 1621 710 1691 τῆς
740 1624 1011 1691 μυστικῆς
1040 1621 1317 1691 θεολογίας
1346 1622 1628 1676 ἐλεύσεται
1658 1623 1837 1693 χάριν.

335 1717 416 1765 ιε’.
450 1712 508 1766 '0
527 1712 757 1777 ἀπαθῶς
774 1714 844 1767 τὰ
859 1712 981 1767 θεῖα
1005 1712 1184 1783 ζητῶν
1209 1713 1327 1783 (m),
1355 1714 1571 1776 πάντως
1590 1712 1839 1784 λήψεται,

251 1802 325 1856 τὸ
369 1802 725 1875 ζητούμενον.
768 1805 827 1859 '0
875 1805 934 1858 δὲ
995 1805 1135 1876 μετά
1183 1822 1330 1869 τινος
1383 1805 1587 1868 πάθους
1638 1806 1838 1877 ζητῶν,

254 1894 621 1962 ἀποτεύξεται
674 1895 770 1950 τοῦ
834 1875 1187 1967 ζητουμένου.
1233 1898 1373 1966 Φησὶ
1425 1897 1555 1966 γὰρ,
1588 1875 1837 1963 Αἰτεῖτε,
1879 1875 1919 1930 Β

255 1988 362 2042 καί
394 1991 466 2043 οὺ
497 1988 855 2059 λαμϐάνετε,
892 1989 1045 2043 διότι
1086 1988 1544 2056 κακῶςάἰτεῐτε.

335 2171 433 2230 ις’.
466 2166 632 2234 Ζητεῖ
647 2165 705 2218 ἐν
730 2165 863 2236 ἡμῖν
892 2164 990 2237 τὴν
1014 2164 1124 2218 τῶν
1154 2163 1325 2219 ὄντων
1352 2164 1557 2234 γνῶσιν
1578 2164 1640 2219 τὸ
1674 2164 1846 2220 Πνεῦ-

260 2273 341 2325 μα
375 2256 436 2309 τὸ
468 2256 643 2324 ἅγιον,
678 2257 773 2310 καὶ
800 2257 1001 2328 ἐρευνᾷ
1025 2273 1037 2286 ·
1076 2256 1191 2310 ἀλλ’
1230 2258 1331 2310 οὐκ
1374 2256 1555 2327 ἑαυτῷ
1601 2257 1757 2327 ζητεῖ
1788 2256 1847 2310 τὸ

255 2347 615 2419 ζητούμενον,
645 2350 729 2403 ὅτι
756 2349 909 2413 Θεὸς,
942 2349 1039 2402 καὶ
1075 2349 1257 2419 πάσης
1287 2350 1546 2403 ἐπέκεινα
1569 2349 1842 2418 γνώσεως·

253 2440 375 2494 ἀλλ’
401 2441 532 2511 ημῖν
557 2442 668 2505 τοίς
690 2440 967 2512 δεομένοις
999 2442 1097 2514 τῆς
1124 2440 1399 2510 γνώσεως*
1435 2441 1625 2515 ὥσπερ
1652 2443 1845 2513 ἀμέλει

256 2531 358 2585 καὶ
384 2532 413 2584 6
445 2533 618 2601 Λόγος
648 2532 860 2601 γίνεται
899 2534 1058 2607 σὰρξ,
1106 2535 1205 2605 οὐχ
1241 2534 1452 2605 ἐαυτῷ,
1482 2534 1596 2587 ἀλλ’
1626 2536 1756 2605 ἡμῖν
1788 2535 1849 2588 τὸ

258 2626 355 2679 διὰ
396 2626 498 2696 τῆς
531 2627 736 2697 σαρκὸς
788 2626 1030 2694 ἐξανύων
1070 2628 1393 2698 μυστήριον.
1430 2628 1520 2691 Ὧς
1542 2628 1651 2699 γὰρ
1678 2629 1850 2699 χωρὶς

258 2720 467 2790 σαρκὸς
504 2719 708 2791 νοερῶς
740 2720 1121 2791 ἐψυχωμένης,
1146 2720 1248 2773 οὐκ
1274 2721 1494 2791 ἐνήργει
1530 2719 1852 2791 θεοπρεπῶς

256 2810 332 2863 τὰ
364 2811 506 2864 κατά
536 2811 704 2878 φύσιν
750 2811 779 2863 ό
826 2811 1003 2879 Λόγος
1037 2813 1140 2881 τῆς
1188 2811 1412 2880 σαρκὸς,
1446 2808 1623 2875 οὕτως
1647 2811 1851 2866 οὐδὲτὸ

258 2902 490 2972 Πνεῦμα
517 2901 578 2955 τὸ
598 2901 753 2970 ἀγιον
792 2903 850 2957 ἐν
886 2904 1001 2966 τοῖς
1031 2903 1207 2971 ἁγίοις
1251 2904 1464 2974 ἐνεργεῖ
1491 2904 1592 2967 τὰς
1620 2903 1851 2972 γνώσεις

258 2994 372 3047 τῶν
406 2992 746 3065 μυστηρίων,
782 2993 955 3063 χωρὶς
991 2993 1093 3064 τῆς
1123 2994 1266 3048 κατά
1296 2995 1460 3064 φύσιν
1491 2994 1764 3068 ζητούσης
1790 3013 1848 3051 τε

259 3085 362 3140 καὶ
399 3084 706 3157 ἐρευνώσης
736 3084 836 3157 τὴν
872 3085 1077 3153 γνῶσιν
1111 3087 1420 3159 δυνάμεως.

336 3268 423 3334 ιζ’.
454 3269 669 3340 Ὠσπερ
698 3268 801 3322 οὐκ
830 3267 948 3321 ἐστι
972 3269 1143 3340 χωρὶς
1183 3268 1411 3340 ἡλιακοῦ
1444 3268 1622 3337 φωτὸς
1654 3270 1855 3339 ὀφθαλ-
1882 3247 1925 3305 (ἶ

267 3360 369 3430 μὸν
400 3359 897 3431 ἀντιλαμϐάνεσθαι
920 3360 1031 3413 τῶν
1062 3360 1358 3432 αἰσθητῶν,
1387 3360 1531 3413 οὕτω
1551 3361 1674 3431 δίχα
1696 3380 1857 3417 πνευ-

270 3454 503 3527 ματικοῦ
535 3456 713 3526 φωτὸς
766 3457 889 3520 νοῦς
923 3456 1265 3526 ἀνθρώπινος
1314 3456 1501 3511 οὔποτ’
1533 3459 1601 3513 ἂν
1647 3459 1858 3526 δέξεται

268 3548 501 3619 θεωρίαν
530 3550 929 3618 πνευματικήν.
967 3548 1041 3602 Τὸ
1085 3549 1183 3618 μὲν
1242 3548 1352 3621 γὰρ
1407 3551 1664 3621 αἰσθητὸν
1716 3530 1856 3620 φῶς,

266 3641 410 3695 κατὰ
429 3641 589 3710 φύσιν
604 3641 829 3710 φωτίζει
858 3640 957 3710 τὴν
987 3640 1241 3710 αἴσθησιν
1260 3641 1398 3713 πρὸς
1425 3641 1525 3712 τὴν
1540 3642 1648 3696 τῶν
1674 3660 1860 3713 σωμα-

264 3732 437 3786 τικῶν
456 3733 758 3803 ἀντίληψιν·
782 3733 844 3786 τὸ
860 3732 917 3786 δὲ
938 3734 1327 3804 πνευματικὸν,
1349 3734 1485 3806 πρὸς
1506 3734 1603 3806 τὴν
1627 3735 1861 3806 θεωρίαν

264 3823 361 3878 τὸν
399 3822 526 3878 νοῦν
559 3822 900 3892 καταυγάξει
936 3822 1074 3895 πρὸς
1104 3824 1438 3895 κατανόησιν
1469 3825 1578 3880 τῶν
1609 3826 1751 3898 ὑπὲρ
1774 3828 1859 3882 αἴ-

268 3915 489 3985 σθησιν.

344 4015 433 4077 ιη’.
470 4007 583 4073 Τάς
644 4008 745 4079 μὲν
779 4008 1082 4079 ζητητικάς
1120 4026 1180 4062 τε
1225 4008 1319 4063 καὶ
1344 4009 1708 4080 ἐρευνητικάς
1737 4010 1854 4082 [ηπ.

268 4101 339 4157 59
371 4102 441 4156 ad
484 4100 728 4155 Thala“.
756 4098 1096 4171 ἐξερευνητ.]
1135 4100 1244 4153 τῶν
1273 4100 1435 4154 θείων
1477 4101 1738 4170 δυνάμεις
1765 4101 1857 4153 οὺ-

267 4190 484 4254 σιωδῶς
519 4189 636 4260 ἔχει
671 4188 1165 4258 καταὸεὸλημένας
1198 4188 1339 4258 αὐτῇ
1378 4185 1528 4258 παρά
1577 4185 1672 4239 τοῦ
1724 4187 1858 4239 Κτί-

266 4299 465 4347 σαντος
516 4281 640 4335 κατ’
673 4281 848 4351 αὐτὴν
879 4280 978 4351 τὴν
1014 4281 1095 4343 εἰς
1128 4279 1191 4333 τὸ
1222 4274 1363 4333 εἶναι
1392 4277 1649 4350 πάροδον,
1687 4281 1721 4348 ἡ
1748 4278 1858 4334 τῶν

264 4372 577 4443 ἀνθρώπων
605 4371 804 4440 φύσις*
853 4369 952 4433 τάς
999 4369 1057 4423 δέ
1112 4367 1222 4422 τῶν
1275 4367 1439 4421 θείων
1464 4365 1854 4435 ἀποκαλύψεις,

263 4465 415 4521 κατὰ
444 4466 604 4535 χάριν
646 4465 681 4535 η
728 4463 822 4517 τοῦ
878 4460 1145 4529 παναγίου
1176 4459 1493 4529 Πνεύματος
1522 4458 1859 4527 ἐπιφοιτῶσα

1940 648 2048 700 que
2081 632 2300 685 illorum
2334 646 2554 699 capace.
2590 631 2659 684 At
2688 644 2866 697 neque
2896 641 3089 681 rursus
3117 623 3202 677 vel
3238 634 3410 674 unum
3444 634 3511 672 ex

1942 722 2279 776 enumeratis
2319 720 2485 774 homo
2523 731 2895 787 consequatur
2932 735 2999 773 ex
3034 724 3243 770 natura:
3277 709 3511 771 viribus.

1941 829 2005 868 ac
2034 814 2138 868 nisi
2168 813 2353 867 divina
2380 813 2585 865 virtute
2617 812 2732 865 haec
2763 809 3235 863 subministrante.
3267 804 3515 869 Remque

1941 906 2233 976 perspicue
2282 904 2583 958 ostendunt
2631 903 2806 957 sancti
2858 915 3083 963 omnes,
3129 906 3255 967 post
3301 894 3518 948 divinas

1941 997 2321 1061 revelationes,
2346 1011 2541 1051 eorum
2570 1011 2691 1067 qua:
2721 994 2959 1049 revelata
2988 998 3194 1054 essent,
3222 984 3519 1057 quaerendo

1942 1087 2183 1141 rationes
2206 1086 2271 1138 “.

2013 1184 2101 1237 Μ.
2134 1180 2237 1248 Qui
2286 1180 2405 1234 sine
2450 1179 2862 1249 perturbatione
2905 1176 3072 1247 petit,
3104 1173 3332 1245 gratiam
3371 1169 3519 1223 acci-

1942 1274 2020 1344 pit
2044 1275 2108 1337 ",
2132 1289 2237 1343 qua
2266 1272 2505 1327 actionis
2530 1272 2678 1324 cultu
2708 1271 2942 1323 virtutes
2969 1266 3183 1337 operari
3218 1264 3389 1335 possit
3415 1280 3428 1316 :
3456 1276 3519 1315 ac

1940 1366 2033 1435 qui
2068 1363 2467 1433 imperturbate
2495 1362 2713 1431 quaerit,
2736 1362 3022 1414 veritatem
3056 1359 3113 1411 in
3145 1359 3329 1419 rebus,
3356 1363 3519 1409 natu-

1941 1456 2070 1510 ralis
2101 1455 2153 1507 vi
2189 1453 2612 1524 spcculationis,
2646 1452 2876 1509 invenit.
2910 1450 3013 1516 Qui
3048 1449 3283 1517 denique
3317 1449 3521 1515 imper-

1942 1549 2158 1602 turbate
2190 1547 2436 1603 scientia:
2469 1546 2649 1616 pulsat
2672 1546 2919 1616 januam,
2946 1544 3097 1597 nullo
3127 1539 3521 1609 impedimento

1943 1639 2009 1693 ad
2038 1640 2308 1693 occultam
2336 1640 2577 1710 mystica:
2605 1636 2894 1706 theologia:
2923 1632 3143 1688 invadet
3165 1631 3415 1702 gratiam.

1974 1731 2100 1784 '15.
2129 1728 2234 1795 Qui
2276 1728 2670 1800 imperturbate
2704 1728 2996 1795 animoque
3033 1722 3323 1777 affectibus
3354 1735 3526 1774 vacuo

1944 1823 2130 1877 divina
2167 1823 2386 1893 quaerit,
2416 1822 2542 1884 hoc,
2569 1818 2718 1889 quod
2759 1818 2978 1887 quierit,
3006 1816 3232 1870 omnino
3268 1812 3524 1882 accipiet.

1944 1916 2047 1982 Qui
2078 1922 2261 1968 autem
2287 1913 2447 1983 587
2469 1912 2668 1966 atl‘ectu
2694 1911 2880 1979 aliquo
2902 1924 2966 1962 ac
2990 1905 3405 1977 perturbatione
3430 1920 3527 1958 seu

1944 2008 2176 2065 libidine
2218 2009 2447 2077 qumrit,
2485 2006 2711 2060 minime
2756 2010 3146 2071 consequetur.
3180 1999 3269 2053 Ait
3310 1998 3457 2052 enim
3510 2012 3526 2051 :

1946 2102 2153 2163 Pctitis,
2180 2108 2229 2154 et
2254 2116 2358 2153 non
2387 2099 2646 2168 accipitis,
2670 2113 2729 2149 eo
2761 2095 2897 2166 quod
2926 2092 3065 2147 male
3095 2094 3285 2163 petatis
3309 2091 3373 2143 ¹³¹.

2020 2194 2106 2248 16.
2135 2191 2343 2258 Quaarit
2371 2190 2425 2244 in
2458 2188 2620 2243 nobis
2646 2188 2884 2257 Spiritus
2912 2195 3133 2239 sanctus
3160 2198 3227 2237 ac
3253 2188 3532 2235 scrutatur

1948 2301 2134 2341 rerum
2161 2282 2480 2346 scientiam;
2512 2296 2623 2335 non
2654 2288 2837 2334 tamen
2882 2291 3004 2332 eam
3045 2274 3151 2329 sibi
3195 2274 3311 2342 ipse
3336 2270 3532 2341 quaerit

1950 2378 2146 2451 (utqui
2171 2378 2316 2431 Deus
2342 2375 2443 2439 sit,
2480 2389 2808 2443 omnemque
2830 2370 3059 2426 excedat
3079 2365 3413 2433 scientiam),
3434 2362 3529 2419 sed

1948 2470 2131 2532 nobis,
2155 2468 2359 2537 quibus
2395 2467 2485 2520 illa
2517 2480 2658 2535 opus
2688 2464 2780 2518 sit.
2812 2463 2895 2517 Uti
2931 2461 3097 2515 etiam
3131 2473 3262 2512 sane
3294 2456 3534 2511 Verbum

1950 2576 2079 2617 caro
2110 2560 2208 2626 ﬁt;
2242 2575 2353 2613 non
2392 2560 2571 2627 ipsum
2604 2556 2733 2618 sibi,
2763 2554 2857 2609 sed
2894 2552 3074 2615 nobis,
3101 2548 3247 2619 quod
3282 2563 3379 2617 per
3409 2562 3534 2600 car-

1950 2671 2077 2711 nem
2105 2665 2190 2710 est
2212 2654 2440 2725 ejusque
2467 2648 2865 2718 assumptione,
2895 2644 3215 2716 mysterium
3248 2653 3535 2711 peragens.

1950 2745 2422 2814 Quemadmodum
2464 2743 2610 2798 enim
2649 2740 2917 2801 Verbum,
2944 2752 3053 2791 non
3094 2735 3214 2789 sine
3254 2747 3417 2786 carne
3456 2730 3534 2783 in-

1952 2839 2315 2911 telligentium
2357 2851 2509 2890 more
2551 2833 2823 2894 animata,
2857 2845 2978 2899 qua:
3016 2844 3082 2883 ex
3124 2826 3305 2881 carnis
3341 2830 3535 2876 natura

1950 2942 2139 2995 erant,
2170 2931 2357 2985 divine
2386 2927 2725 2997 operabatur
2760 2941 2772 2976 :
2808 2923 2888 2976 sic
2922 2935 3102 2989 neque
3137 2917 3377 2987 Spiritus
3408 2930 3535 2969 san-

1951 3032 2104 3087 ctus,
2135 3022 2343 3091 absque
2373 3018 2611 3074 naturali
2643 3015 2901 3071 facultate
2934 3010 3223 3067 scientiam
3258 3016 3536 3077 quzercnte

1952 3129 2018 3170 ac
2056 3121 2367 3178 scrutante,
2400 3109 2784 3182 mysteriorum
2822 3105 3050 3162 notitias
3084 3103 3138 3156 in
3172 3098 3374 3155 sanctis
3403 3113 3537 3169 ope-

1957 3216 2132 3329 "itii:
2149 3273 2306 3329 Sicut
2329 3270 2447 3325 ﬁeri
2473 3286 2580 3324 non
2609 3274 2810 3338 potest,
2838 3274 2897 3321 ut
2919 3265 3116 3321 oculus
3144 3265 3352 3335 absque
3374 3259 3537 3317 solari

1958 3367 2080 3421 luce
2107 3380 2197 3418 res
2230 3361 2516 3433 percipiat,
2542 3376 2663 3429 qua:
2696 3360 2751 3413 in
2784 3372 3003 3412 sensum
3038 3355 3244 3411 cadunt
3275 3372 3289 3409 :
3326 3354 3406 3408 sic
3439 3364 3543 3405 nec

1960 3458 2055 3513 ﬁat
2091 3472 2363 3526 unquam,
2399 3464 2458 3509 ut
2489 3469 2645 3508 mens
2678 3452 2914 3505 humana
2949 3448 3086 3503 citra
3120 3446 3419 3517 spiritalem
3453 3442 3532 3497 lu-

1962 3564 2102 3611 cem,
2134 3546 2435 3616 spiritalem
2475 3542 2999 3611 eontemplationem
3040 3539 3325 3609 suscipiat.
3355 3538 3539 3591 Altera

1958 3638 2105 3692 enim
2152 3638 2277 3699 lux,
2318 3636 2384 3689 ad
2434 3632 2789 3704 percipienda
2837 3644 3103 3699 corpora,
3147 3644 3246 3698 per
3292 3636 3539 3680 naturam

1960 3743 2183 3783 sensum
2216 3727 2483 3790 illustrat;
2517 3725 2712 3785 altera,
2736 3723 2803 3775 ad
2840 3719 3359 3789 contemplationem
3389 3732 3552 3771 men-

1963 3828 2071 3873 tem
2102 3818 2397 3884 illuminat,
2427 3824 2489 3871 ut
2519 3832 2584 3872 ea
2614 3830 2737 3885 quae
2767 3828 2993 3869 sensum
3023 3810 3302 3867 excedunt
3332 3806 3545 3878 perspi-

1960 3912 2089 3966 ciat.

2036 4004 2123 4058 l8.
2148 4004 2308 4060 Vires
2337 4000 2618 4073 quaerendi
2644 3998 2831 4056 divina
2856 4013 2921 4052 ac
2944 3994 3257 4057 scrutandi,
3273 3990 3541 4048 essentia-

1958 4097 2084 4152 liter
2112 4112 2143 4151 a
2175 4096 2353 4165 prima
2386 4097 2502 4165 ipsa
2537 4094 2854 4149 conditione
2887 4106 2952 4144 ac
2979 4088 3192 4158 origine
3225 4086 3294 4142 ab
3322 4092 3542 4141 auctore

1959 4189 2196 4242 insertas
2218 4186 2386 4241 habet
2412 4186 2650 4240 humana
2673 4195 2902 4250 natura;
2932 4195 3125 4239 verum
3151 4178 3366 4238 divinas
3392 4193 3538 4237 τονθ-

1958 4279 2221 4343 lationes,
2261 4294 2361 4348 per
2406 4278 2671 4349 gratiam,
2712 4278 3043 4333 sanctissimi
3092 4277 3331 4347 Spiritus
3370 4275 3542 4329 virtus

1958 4370 2282 4436 adveniens,
2314 4378 2555 4440 praestat.
2591 4370 2748 4436 Quod
2793 4379 2974 4425 tamen
3012 4371 3123 4439 jam
3163 4368 3342 4429 initio,
3383 4368 3542 4421 hasce

1957 4464 2109 4519 vires
2152 4480 2253 4533 per
2296 4470 2615 4533 peccatum,
2654 4477 2837 4516 rerum
2886 4461 2957 4515 ob
3001 4461 3192 4514 oculos
3238 4458 3542 4528 positarum

265 4557 508 4609 ποιεῖται
567 4551 817 4623 δύναμις.
863 4551 1083 4621 Ἐπειδὴ
1128 4550 1185 4603 δὲ
1240 4548 1363 4603 κατ’
1409 4548 1584 4619 άρχάς
1629 4549 1716 4603 διὰ
1756 4548 1857 4617 τῆς

1963 4563 2191 4608 natura.
2223 4553 2467 4621 Nequam
2505 4552 2595 4605 ille
2632 4550 2898 4612 atlixerat,
2927 4565 3028 4605 nec
3059 4558 3180 4603 erat
3210 4548 3305 4617 qui
3341 4546 3542 4600 intelli-

264 4645 567 4716 ἁμαρτίας,
610 4648 677 4714 τῇ
724 4642 885 4712 φύσει
918 4642 1027 4695 τῶν
1070 4640 1280 4712 ὁρατῶν
1316 4639 1519 4703 ταύτας
1550 4640 1579 4693 6
1626 4640 1861 4711 πονηρὸς

266 4735 595 4807 προσήλωσε
630 4734 729 4798 τὰς
761 4734 1039 4803 δυνάμεις,
1068 4730 1165 4785 καὶ
1188 4730 1288 4784 οὐκ
1319 4725 1387 4800 ἦν
1417 4731 1446 4782 ὁ
1474 4729 1670 4783 συνιὼν
1702 4731 1735 4801 ἢ
1770 4732 1863 4784 ἐκ-

263 4826 454 4897 ζητῶν
481 4828 571 4879 τὸν
605 4825 760 4887 Θεὸν,
787 4824 1004 4877 πάντων
1033 4822 1143 4875 τῶν
1182 4819 1590 4893 μετειληφότων
1616 4822 1715 4892 τῆς
1760 4820 1861 4891 φύ-

267 4936 434 4984 σεως,
462 4918 562 4987 τὴν
604 4915 799 4986 νοεράν
842 4932 901 4968 τε
940 4915 1035 4967 καὶ
1086 4912 1314 4983 λογικὴν
1351 4911 1579 4981 δύναμιν
1626 4912 1859 4981 ἐχόντων

266 5008 803 5081 περιγεγραμμένην
835 5009 900 5078 τῇ
933 5005 1224 5074 ἐπιφανείᾳ
1266 5004 1377 5057 τῶν
1412 5002 1719 5075 αἰσθητῶν,
1764 5004 1859 5057 καὶ

271 5101 550 5173 μηδεμίαν
590 5096 949 5168 κεκτημένων
987 5095 1194 5148 ἔννοιαν
1243 5093 1353 5146 τῶν
1398 5093 1538 5164 ὑπὲρ
1580 5092 1851 5161 αἴσθησιν,

266 5192 503 5256 εἰκότως
531 5192 565 5262 ἡ
599 5188 692 5244 τοῦ
735 5188 1005 5257 παναγίου
1052 5184 1369 5256 Πνεῦματος
1420 5185 1601 5255 χάρις,
1631 5188 1746 5249 τοῖς
1780 5185 1855 5257 μὴ

270 5282 422 5338 κατά
454 5282 713 5352 πρόθεσιν
748 5278 1073 5342 ἐνδιαθέτως
1104 5277 1211 5332 ὑπό
1240 5277 1339 5348 τὴν
1382 5277 1598 5348 ἀπάτην
1625 5278 1855 5347 γενομέ-

272 5392 412 5439 νοις,
462 5374 570 5428 τῶν
621 5372 825 5427 ὑλικῶν
864 5370 1223 5442 ἀφηλὼσασα,
1258 5370 1359 5441 τὴν
1414 5370 1850 5443 προσηλωμένην

350 5533 388 5564 ¹¹
428 5533 561 5589 Dan.
598 5548 693 5598 xu,
727 5531 791 5597 8;
824 5529 1052 5585 Zachar.
1085 5544 1158 5597 tv,
1192 5528 1245 5583 5.

354 5648 449 5717 (m)
516 5649 578 5701 Ὀ
604 5647 846 5712 ἀπαθῶς
867 5647 938 5701 τὰ
963 5645 1089 5700 θεῖα
1112 5644 1315 5711 ζητῶν.
1349 5644 1554 5717 Nempe
1590 5646 1843 5717 sedatum

275 5715 525 5775 animum
556 5718 695 5788 petit
723 5718 901 5771 oratio
928 5733 991 5772 ac
1020 5717 1336 5788 illibatum:
1377 5715 1656 5788 quidquid
1689 5717 1849 5771 deni-

276 5805 387 5860 que
420 5805 483 5843 ea
521 5785 645 5860 vos,
677 5788 976 5860 toties_hie
1028 5787 1258 5860 Maximo
1293 5785 1589 5860 inculcata,
1624 5785 1849 5860 Grzeco-

275 5856 399 5919 rum
422 5876 522 5915 usu
546 5859 806 5915 insinuat.
833 5858 1004 5914 Erant
1026 5856 1171 5913 edita
1202 5857 1342 5913 male
1368 5857 1571 5923 luxata,
1608 5856 1853 5913 confusis

1960 4654 2113 4716 geret
2149 4654 2243 4699 aut
2274 4644 2592 4713 exquireret
2626 4644 2798 4697 Deum
2824 4644 2888 4707 “,
2923 4642 3067 4711 quod
3112 4639 3296 4695 cuncti
3335 4649 3544 4692 natura:

1958 4739 2278 4808 participes,
2313 4737 2654 4808 intelligendi
2701 4736 2810 4789 vim
2858 4750 2921 4789 ac
2964 4734 3216 4796 rationis,
3254 4746 3437 4787 rerum
3485 4730 3542 4783 in

1957 4846 2180 4885 sensum
2226 4830 2540 4884 cadentium
2584 4828 2877 4898 superﬁcie
2912 4844 2977 4881 ac
3010 4828 3159 4882 velut
3193 4830 3397 4882 cortice
3429 4828 3541 4881 cir-

1956 4919 2348 4987 cumscriptam
2377 4918 2666 4981 haberent,
2691 4917 2953 4984 omnique
2978 4931 3163 4970 rerum
3189 4930 3350 4969 sensu
3382 4931 3543 4983 supe-

1958 5009 2163 5063 riorum
2191 5009 2434 5078 cogitatu
2460 5024 2736 5077 sensuque
2767 5014 3052 5071 carerent;
3088 5006 3283 5061 merit-0
3313 5005 3543 5059 sanctis-

1963 5102 2087 5157 simi
2118 5100 2359 5171 Spiritus
2385 5100 2577 5171 gratia,
2605 5102 2693 5165 iis,
2722 5101 2815 5171 qui
2848 5115 2958 5154 non
2990 5098 3241 5155 consulto
3269 5106 3324 5152 et
3348 5097 3543 5152 animi-

1963 5202 2052 5249 tus
2092 5194 2267 5249 errori
2311 5204 2731 5256 concesserant,
2768 5208 2797 5247 a
2847 5192 3111 5254 terrenis,
3146 5190 3347 5260 quibus
3385 5188 3541 5246 atlixa

1963 5287 2276 5349 tenebatur,
2309 5287 2553 5341 avulsam
2600 5302 2663 5341 ac
2707 5285 2861 5355 quasi
2913 5284 3137 5338 reﬁxam
3189 5282 3538 5343 facultatem,

1963 5379 2068 5435 sibi
2104 5378 2277 5448 ipsam
2312 5379 2556 5435 restituit
2584 5396 2597 5432 :
2623 5394 2786 5448 quam
2812 5377 3072 5433 videlicet
3094 5375 3280 5448 gratia:
3311 5388 3539 5430 munere

1349 5528 1392 5560 "
1422 5526 1613 5583 Matth.
1646 5545 1739 5594 vn,
1774 5530 1827 5587 8.
1909 5535 1949 5568 ⁸³
1973 5537 2086 5593 Jac.
2125 5555 2195 5604 iv,
2232 5537 2285 5591 3.
2366 5536 2406 5567 ν’
2439 5535 2583 5591 Psal.
2618 5551 2731 5594 xm,
2758 5535 2826 5599 ἒς
2865 5550 2955 5597 ιιι,
2998 5534 3051 5587 5.

1954 5654 2057 5708 hoc
2084 5664 2138 5708 et
2168 5653 2418 5724 sequenti
2435 5652 2645 5724 capite;
2679 5650 2960 5724 nonnullis
2982 5648 3147 5724 etiam
3183 5646 3531 5724 desideratis.

1953 5714 2270 5792 linportune
2307 5714 2664 5782 Picus-dicta
2690 5722 2761 5792 de
2783 5719 3045 5792 Verbniu
3072 5734 3260 5785 carne,
3283 5716 3443 5787 quasi
3465 5714 3543 5783 de

1958 5788 2116 5850 nobis
2146 5809 2208 5851 ac
2238 5794 2305 5851 de
2348 5809 2513 5850 carne
2546 5792 2682 5862 ipsa,
2712 5790 2859 5847 dicta
2894 5788 3094 5844 reddit.
