4192 6436
239 432 382 498 1313

914 421 1246 485 CAPITUM
1287 419 1710 494 QUINQUIES
1747 413 2266 481 CEVTENORUM
2302 418 2692 481 CENTURIA
2730 420 2828 482 IV.

3370 422 3506 489 13ἳᾶ

304 542 415 595 κε’.
452 538 591 602 Τοὺς
641 532 1008 606 ἐκζητοῦντας
1051 533 1111 584 ἐν
1157 530 1427 601 πνεύματι
1454 530 1554 599 τὴν
1584 530 1693 582 τῶν
1718 528 1820 598 ψυ-

1994 527 2085 582 21.
2116 528 2223 581 Eos
2257 525 2351 597 qui
2388 530 2442 582 in
2477 531 2672 599 spiritu
2709 516 3019 585 animarum
3048 528 3282 585 salutem
3309 536 3503 603 exqui-

233 633 347 701 χῶν
375 631 673 701 σωτηρίαν,
712 628 806 682 καὶ
835 625 1239 696 ἐξερευνῶντες
1267 623 1393 685 τοῦς
1420 621 1623 692 ταύτης
1650 636 1818 672 πνευ-

237 724 502 792 ματικοὺς
564 720 664 789 τῆς
729 716 1006 787 σωτηρίας
1060 713 1255 781 λόγους
1308 728 1369 765 τε
1413 712 1508 765 καὶ
1559 710 1817 781 τρόπους,

232 815 419 883 ὁδηγεί
447 812 597 884 πρὸς.
629 810 958 879 κατανόησιν
1011 808 1073 859 τὸ
1118 805 1341 875 Πνεῦμα
1382 804 1444 865 τὸ
1502 803 1676 871 ἅγιον,
1720 802 1821 854 οὐκ

232 905 342 957 ἐῶν
386 903 646 972 ἀκίνητον
685 900 868 963 αὐτοῖς
920 898 1121 969 μένειν,
1176 897 1272 950 καὶ
1328 895 1690 966 ἀνενέργητον
1721 893 1822 963 τὴν

231 996 304 1049 δι’
334 991 403 1065 ἧς
439 994 507 1046 τά
535 993 655 1046 θεῖα
684 992 937 1061 ἐκζητείν
972 988 1253 1059 πεφύκασι
1282 985 1443 1060 [unus
1478 985 1610 1057 Reg.
1643 984 1821 1054 πεφύ-

233 1086 441 1159 καμενι
474 1087 727 1155 δύναμιν.

304 1178 414 1249 κβ’.
458 1177 684 1250 Πρῶτόν
726 1193 810 1240 τις
856 1175 1012 1246 ζητεῖ
1046 1176 1113 1245 τῇ
1165 1171 1487 1244 προαιρέσει
1540 1169 1819 1242 νεκρῶσαι

228 1270 336 1341 τὴν
370 1268 670 1342 ἁμαρτίαν,
708 1266 802 1321 καὶ
840 1266 939 1336 τὴν
965 1265 1291 1337 προαίρεσιν
1329 1265 1395 1331 τῇ
1415 1260 1692 1332 ἁμαρτίᾳο
1720 1261 1818 1313 καὶ

236 1362 415 1425 οὕτως
469 1363 689 1431 ἐρευνᾷ,
725 1359 844 1422 πῶς
882 1358 963 1410 δεῖ
998 1359 1092 1410 καὶ
1131 1355 1270 1426 ποίῳ
1309 1354 1498 1425 τρόπῳ
1551 1353 1822 1422 νεκρῶσαι

234 1454 447 1514 ταύτας
482 1451 771 1521 ἀλλήλαις;
805 1451 911 1503 Καὶ
941 1450 1104 1503 πάλιν
1135 1447 1276 1517 μετὰ
1296 1448 1398 1517 τὴν
1419 1444 1625 1499 τούτων
1654 1444 1819 1515 ἀλλή-

232 1545 359 1605 λαις
399 1544 613 1598 τελείαν
659 1544 949 1613 νέκρωσιν,
993 1540 1148 1613 ζητεῖ
1188 1540 1289 1610 τὴν
1331 1538 1451 1591 κατ’
1495 1536 1696 1607 ἀρετὴν
1725 1538 1823 1617 τῆς

234 1637 645 1707 προαιρέσεως,
679 1636 903 1704 καὶτῆς
945 1633 1149 1704 ἀρετῆς
1186 1632 1284 1704 τὴν
1311 1630 1455 1683 κατὰ
1498 1629 1822 1700 προαίρεσιν

236 1730 422 1798 ζωήν·
466 1728 560 1781 καὶ
589 1726 764 1788 οὕτως
805 1726 1026 1796 ἐρευνᾷ,
1060 1723 1176 1787 πῶς
1203 1722 1407 1774 δεῖκαὶ
1451 1721 1588 1791 ποίῳ
1636 1719 1823 1789 τρόπῳ

233 1822 339 1890 τὴν
363 1824 421 1875 ἐν
458 1822 721 1891 ἀλλήλαις
744 1820 951 1873 τούτων
985 1818 1391 1887 δημιουργῆσαι
1427 1813 1592 1884 ζωήν.
1633 1814 1822 1893 ’[Εστιν

1848 1624 1849 1627 “
1930 1617 2172 1681 virtutis,
2207 1634 2327 1686 quae
2368 1625 2654 1686 prmstatur
2695 1618 2998 1676 voluntate,
3033 1619 3228 1685 qnzerit
3272 1636 3284 1670 ι

1930 630 2077 683 runt,
2116 622 2343 690 ejusque
2382 622 2573 674 salutis
2604 624 2885 691 spiritales
2926 623 3166 677 rationes
3204 623 3504 693 modosque

1927 720 2334 775 exscrutantur,
2358 712 2545 783 dirigit
2569 714 2805 783 Spiritus
2827 724 3049 768 sanctus
3072 726 3131 769 ut
3153 725 3334 767 mente
3359 729 3513 768 αδδυ-

1928 811 2198 872 quantur;
2239 804 2403 873 589
2438 821 2543 859 nec
2574 804 2694 859 sine
2720 815 2879 878 motu
2915 814 3080 874 atque
3114 806 3349 860 inertem
3384 821 3504 858 eam

1929 895 2037 949 illis
2074 896 2183 948 vim
2223 912 2443 951 manere
2481 896 2632 959 sinit,
2661 911 2758 965 per
2794 912 2956 965 quam
2998 906 3058 951 ut
3095 896 3279 951 divina
3314 897 3507 966 exqui-

1930 996 2074 1048 rant,
2102 987 2207 1040 illis
2236 988 2475 1056 proclive
2500 993 2876 1057 comparatum
2904 995 3007 1040 est.

1998 1162 2086 1216 ΕΗ.
2114 1162 2356 1216 Primum
2382 1162 2507 1230 quis
2534 1161 2731 1231 qurerit
2751 1162 3018 1217 voluntati
3045 1169 3328 1230 peceatum
3360 1177 3505 1215 mor-

1932 1255 2140 1312 tiﬁearc
2188 1263 2243 1307 et
2288 1256 2922 1325 voluntatennpcceato;
2969 1254 3156 1322 sicque
3208 1264 3504 1319 scrutatur,

1930 1346 2206 1416 quomodo
2245 1362 2309 1399 ac
2347 1362 2454 1414 qua
2494 1347 2704 1400 ratione
2735 1346 2851 1399 hinc
2883 1346 2986 1399 alia
3020 1346 3141 1399 aliis
3173 1346 3505 1400 mortiﬁcare

1930 1437 2257 1491 conveniat?
2282 1438 2620 1505 Rursusque,
2649 1436 2732 1489 his
2759 1435 2997 1504 perfecte
3027 1436 3166 1489 inter
3191 1453 3247 1490 se
3271 1436 3503 1490 mortiﬁ-

1931 1528 2094 1590 catis,
2136 1529 2299 1581 vitam
2345 1528 2644 1581 voluntatis
2686 1543 2808 1596 qua:
2852 1527 3056 1580 virtute
3103 1539 3411 1595 pnestatur,
3448 1538 3505 1581 et

3328 1628 3383 1672 et
3425 1604 3504 1672 sine

1930 1718 2231 1771 scrutatur,
2265 1709 2542 1777 quomodo
2577 1724 2751 1776 quave
2788 1708 2998 1761 ratione
3033 1709 3229 1761 horum
3268 1709 3412 1765 inter
3446 1727 3503 1763 se

1929 1802 2043 1856 vita
2086 1801 2370 1855 conﬂanda
2416 1799 2506 1852 sit.
2544 1800 2638 1852 Est
2682 1798 2868 1868 igitur,
2903 1808 2963 1851 ut
3001 1800 3151 1868 quasi
3194 1799 3505 1853 deﬁniendo

237 1886 357 1982 05v;
382 1914 457 1978 ὡς
505 1886 828 1983 ἐν-ὀρισμῷ
873 1886 1146 1979 λαϐεῖν,ὴ
1192 1908 1290 1978 μὲν
1342 1906 1589 1977 ζήτησις,
1644 1886 1821 1976 ipse;

1925 1893 2281 1960 complectar,
2304 1890 2448 1959 quod
2477 1890 2795 1959 quan-intus,
2818 1890 3197 1945 desiderabilis
3221 1893 3502 1962 cujusdam

237 2006 583 2077 καταθυμίου
611 2007 757 2068 τινός
777 2023 791 2036 ·
820 2008 853 2075 ὴ
888 2006 945 2057 δὲ
976 2003 1284 2074 ἐρεύνησις,
1312 2000 1509 2071 τρόπος
1538 2001 1637 2068 τῆς
1682 1999 1819 2070 πρὶς

238 2101 306 2153 τὸ
343 2099 685 2169 καταθύμιον
718 2090 953 2168 ὀρέξεως
988 2094 1304 2155 ἁνυστικός.

315 2199 422 2260 κγ’.
464 2193 554 2243 Δεῖ
599 2192 675 2253 ὡς
728 2187 942 2257 ἀληθῶς
984 2188 1076 2239 τὸν
1113 2186 1516 2257 σωθησόμενον,
1552 2184 1626 2256 μὴ
1660 2184 1821 2255 μόνον

239 2286 310 2355 τῇ
346 2282 666 2353 προαιρέσει
717 2280 992 2350 νεκρῶσαι
1038 2278 1137 2347 τὴν
1183 2278 1475 2348 ἁμαρτίαν,
1539 2277 1674 2329 ἀλλὰ
1731 2277 1823 2329 καὶ

242 2376 417 2446 αὐτὴν
466 2374 565 2445 τὴν
622 2373 948 2443 προαίρεσιν
1002 2374 1069 2440 τῇ
1119 2370 1519 2440 ἁμαρτίᾳοκαὶ
1550 2368 1624 2439 μὴ
1661 2368 1822 2438 μόνον

245 2467 555 2537 ἀναστῆσαι
592 2469 655 2536 τῇ
690 2467 862 2535 ἀρετῇ
898 2463 996 2533 τὴν
1027 2463 1367 2532 προαίρεσιν,
1411 2462 1548 2515 ἀλλὰ
1588 2464 1681 2514 καὶ
1722 2460 1820 2515 αύ-

242 2559 346 2628 τὴν
374 2561 439 2628 τῇ
482 2556 806 2628 προαιρέσει
849 2555 949 2624 τὴν
982 2557 1212 2623 ἀρετήν·
1250 2554 1336 2606 ἵνα
1380 2554 1549 2623 νεκρὰ
1596 2554 1819 2622 νεκρᾶς,

244 2648 342 2718 ὅλη
375 2646 503 2716 ὅλης
539 2647 637 2717 τῆς
668 2644 941 2715 ἁμαρτίας
970 2643 1307 2712 διαιρεθεῖσα
1359 2642 1433 2713 μὴ
1475 2642 1819 2713 αἰσθάνηται,

248 2738 343 2792 καὶ
363 2738 514 2802 ζῶσα
542 2736 744 2806 ζώσης,
775 2736 870 2806 ὅλη
903 2734 1031 2804 ὅλης
1047 2735 1147 2804 τῆς
1177 2733 1379 2803 ἀρετῆς
1407 2733 1821 2802 ἐπαισθάνηται,

249 2831 373 2886 καθ’
410 2832 605 2885 ἕνωσιν
651 2830 977 2884 ἀδιάστατον
1020 2827 1053 2897 ἡ
1098 2825 1437 2896 προαίρεσις.
1479 2825 1537 2878 '0
1592 2825 1700 2896 γὰρ
1735 2843 1823 2877 νε-

248 2923 471 2996 κρώσας
502 2926 569 2993 τῇ
602 2920 849 2992 ἁμαρτίᾳ.
885 2920 988 2990 τὴν
1035 2918 1379 2990 προαίρεσιν,
1420 2916 1701 2987 σύμφυτος
1732 2917 1824 2983 γέ-

248 3034 375 3085 γονε
412 3014 489 3084 τῷ
521 3012 829 3084 ὁμοιώματι
872 3010 967 3064 τοῦ
1003 3010 1240 3065 θανάτου
1280 3009 1377 3062 τοῦ
1420 3007 1695 3078 Χριστοῦ·
1730 3009 1825 3060 καὶ

242 3112 272 3164 ὀ
307 3107 513 3178 ταύτην
540 3106 851 3176 ἀναστήσας
876 3106 943 3175 τῇ
975 3102 1311 3174 δικαιοσύνῃ.
1339 3100 1617 3172 σύμφυτος
1635 3100 1823 3166 γέγονε

250 3200 344 3254 καὶ
368 3200 469 3270 τῆς
494 3198 847 3258 ἀναστάσεως
876 3194 1061 3249 αὐτοῦ.
1390 3198 1407 3210 ⁸

1921 1985 2220 2054 appetitio;
2245 1983 2391 2052 quod
2417 1998 2546 2036 vero
2570 1991 2902 2047 scrutamur,
2928 1983 3122 2037 modus
3142 1999 3251 2053 quo
3274 2001 3339 2039 ea
3360 1985 3506 2040 desi-

1921 2076 2182 2130 derabilis
2214 2075 2479 2145 appetitio
2507 2075 2714 2144 expleri
2746 2076 2943 2144 possit.

1992 2169 2081 2223 2'5.
2110 2170 2321 2223 Revera
2347 2168 2624 2231 convenit,
2654 2167 2829 2236 utqui
2856 2168 3152 2222 salvandus
3181 2170 3271 2233 sit,
3298 2171 3501 2224 nedum

1920 2262 2187 2315 voluntati
2241 2268 2523 2328 peccatum
2572 2251 2907 2322 'mortiticct,
2959 2277 3149 2313 verum
3211 2270 3267 2314 et
3326 2263 3501 2332 ipsam

1920 2353 2259 2406 voluntatem
2298 2360 2522 2419 peccato
2555 2366 2568 2402 :
2601 2366 2703 2405 nec
2734 2332 2911 2403 solum
2940 2352 3278 2405 voluntatem
3311 2353 3501 2406 virtuti

1921 2444 2181 2507 viviﬁcet,
2210 2443 2302 2497 scd
2340 2451 2397 2497 et
2425 2443 2685 2496 virtutem
2725 2443 2825 2511 ipsi
2860 2444 3154 2508 voluntati;
3193 2456 3253 2498 ut
3286 2456 3502 2501 mortua

1923 2546 2223 2595 mortuum.
2261 2545 2369 2589 tota
2404 2553 2433 2589 a
2473 2546 2586 2589 toto
2611 2534 2804 2599 divisa,
2832 2545 3114 2604 peceatum
3146 2551 3247 2590 nec
3273 2551 3503 2605 persen-

1925 2630 2050 2694 tiat,
2106 2628 2407 2696 vivensque
2460 2628 2771 2691 viventem,
2831 2636 2944 2680 tota
3005 2637 3208 2692 totam,
3269 2629 3502 2683 indivisa

1924 2721 2126 2774 unione
2184 2718 2436 2772 voluntas
2489 2718 2792 2787 persentiat
2847 2718 3135 2772 virtutem.
3188 2718 3291 2786 Qui
3351 2722 3536 2775 enim.

1923 2813 2260 2865 voluntatem
2305 2819 2527 2879 peccato
2566 2809 2942 2873 mortiﬁcavit,
2979 2811 3380 2879 complantatus
3420 2812 3503 2864 fa-

1925 2915 2046 2959 ctus
2078 2913 2163 2959 est
2191 2902 2536 2958 similitudini
2568 2902 2762 2956 mortis
2790 2902 2995 2957 Christi
3020 2902 3062 2933 ¹⁶
3092 2920 3105 2955 :
3137 2918 3202 2957 ae
3232 2903 3324 2972 qui
3362 2904 3503 2958 hanc

1925 2998 2115 3051 virtuti
2185 2997 2503 3062 suscitavit,
2558 2998 2959 3067 complantatus
3027 2995 3205 3050 factus
3257 3008 3342 3052 est
3382 3000 3503 3069 ejus

1859 3108 1868 3119 ·
1925 3090 2090 3142 etiam
2117 3088 2463 3141 similitudini
2494 3087 2935 3142 resurrectionis.

317 3251 535 3345 κδίτμἮ
584 3251 843 3359 ἁμαρτία.
881 3286 976 3338 καὶ
1014 3286 1047 3355 ὴ
1088 3285 1410 3354 προαίρεσις
1457 3279 1821 3351 νεκρούμεναι

1995 3281 2086 3334 24.
2113 3281 2403 3334 Peccatum
2438 3288 2601 3348 atque
2628 3280 2902 3345 voluntas,
2935 3296 3041 3349 qua
3078 3283 3310 3336 alterum
3339 3283 3499 3338 alteri

246 3384 527 3455 ἀλλήλαις,
560 3382 756 3452 διπλῆν
788 3381 973 3450 ἔχουσι
1003 3378 1138 3449 πρὸς
1169 3377 1405 3446 ἀλλήλας
1432 3375 1529 3446 τὴν
1562 3373 1824 3441 ἀναισθη-

248 3477 388 3532 σίαν.
422 3477 533 3530 Καὶ
563 3477 595 3546 ἡ
626 3472 941 3543 δικαιοσύνη
993 3471 1087 3524 καὶ
1116 3473 1149 3540 ή
1192 3469 1534 3540 προαίρεσις,
1566 3468 1824 3539 ἀλλήλαις

244 3570 467 3640 ἔχουσαι
494 3567 594 3636 τὴν
621 3565 786 3635 ζωὴν,
823 3563 1014 3632 διπλῆν
1044 3561 1224 3631 έχουσι
1255 3560 1353 3632 τὴν
1385 3560 1653 3628 αἴσθησιν.

316 3668 415 3715 κε’.
456 3660 588 3722 Θεὸς
641 3658 902 3729 ὑπάρχων
955 3655 1116 3723 φύσει
1168 3654 1264 3706 καὶ
1313 3652 1657 3722 ἄνθρωποςό
1687 3651 1821 3719 Χριο

244 3752 394 3817 στος,
420 3751 509 3819 ὑφ’
546 3748 704 3820 ⁴ἡμῶν
738 3748 813 3811 ὡς
849 3746 981 3809 Θεὸς
1027 3746 1169 3815 ὑπὲρ
1208 3743 1370 3812 φύσιν
1407 3744 1590 3812 χάριτι
1621 3741 1821 3810 κληρο-

242 3846 513 3913 νομεῖται,
562 3840 703 3894 κατὰ
747 3839 847 3908 τὴν
895 3839 1136 3908 ἄρῤητον
1173 3834 1420 3905 μέθεξιν·
1456 3834 1548 3885 καὶ
1574 3833 1642 3886 δι’
1674 3833 1822 3902 ἡμᾶς

244 3939 305 3990 ἐν
328 3936 461 3988 εἴδει
488 3933 567 4004 τῷ
589 3931 711 3985 καθ’
740 3932 889 4001 ἡμᾶς
912 3930 987 3992 ὼς
1017 3927 1304 3998 ἄνθρωπος
1332 3927 1481 3995 ἡμᾶς
1518 3925 1823 3993 οἰκειούμε-

245 4044 357 4090 νος,
391 4025 585 4078 ἑαυτὸν
615 4023 946 4093 κληρονομεῖ
972 4020 1071 4071 σὺν
1100 4022 1232 4089 ἡμῖν
1269 4016 1410 4072 κατὰ
1442 4016 1539 4087 τὴν
1569 4016 1822 4084 ἀνεννόηο

244 4136 337 4172 τον
395 4115 838 4184 συγκατόῶασιν·
870 4112 928 4165 ὃν
979 4110 1057 4180 τῷ
1115 4108 1387 4179 πνεύματι
1441 4106 1716 4177 μυστικῶς
1770 4107 1820 4158 οἰ

246 4212 393 4277 ἅγιοι
424 4206 932 4278 προθεωρήσαντες,
950 4198 1305 4270 ἐδιδάχθησαν
1331 4198 1407 4260 ὡς
1428 4197 1533 4268 χρὴ
1553 4196 1652 4266 τῆς
1682 4196 1821 4249 κατά

243 4301 307 4353 τὸ
342 4299 534 4369 μέλλον
568 4295 951 4366 φανησομένης
976 4291 1068 4346 διὰ
1113 4292 1212 4362 τὴν
1263 4288 1464 4361 ἀρετὴν
1496 4290 1554 4341 ἐν
1600 4286 1821 4359 Χριστῷ

245 4393 424 4460 δόξης.
460 4388 530 4442 τὰ
559 4391 639 4451 εἰς
678 4387 840 4440 αὐτὸν
901 4386 1041 4454 ὑπὲρ
1093 4385 1292 4455 ἀρετῆς
1342 4382 1485 4437 κατά
1537 4382 1600 4435 τὸ
1647 4383 1819 4453 παρὸν

249 4478 720 4552 προκαθηγείσθαι
749 4477 1067 4547 παθήματα.

321 4662 432 4722 κς⁹.
484 4655 542 4708 '0
575 4654 672 4724 μὲν
708 4656 830 4713 νοῦς
883 4650 1024 4705 κατά
1067 4650 1238 4722 μόνην
1261 4648 1361 4720 τήν
1396 4648 1583 4719 ἔφεσιν
1639 4646 1818 4716 ἀγνώο

250 4763 393 4810 στως
414 4745 569 4816 ιπρὺς
598 4744 696 4815 τὴν
722 4743 830 4799 τῶν
869 4742 1040 4796 ὄντων
1081 4742 1259 4795 αἰτίαν
1288 4741 1631 4809 κινούμενος,
1667 4738 1821 4809 ζητεῖ

256 4839 449 4908 μόνον’
481 4840 510 4892 ὁ
539 4837 596 4890 δὲ
641 4835 820 4904 λόγος,
850 4834 977 4898 τοὺς
1023 4835 1082 4887 ἐν
1130 4836 1243 4897 τοῖς
1273 4827 1425 4890 οὖσιν
1453 4830 1673 4899 ἀληθεῖς
1706 4848 1823 4884 ποις

250 4930 414 4992 κίλως
437 4926 707 4997 ἐφοδεύων
744 4927 942 4997 ἐρευνᾷ
972 4924 1184 4993 λόγους.

324 5020 428 5085 κζ’.
469 5020 706 5090 Ζήτησίς
748 5021 895 5071 ἐστιν
930 5019 962 5087 ἡ
998 5015 1093 5069 τοῦ
1122 5014 1214 5068 νοῦ
1244 5013 1438 5084 πρώτη
1461 5030 1520 5067 τε
1555 5016 1648 5067 καὶ
1671 5013 1818 5084 ἀπλῆ

249 5114 386 5184 πρὸς
410 5113 510 5183 τὴν
541 5112 676 5164 ἰδίαν
704 5112 883 5164 αἰτίαν
916 5109 1031 5180 μετ’
1062 5109 1298 5177 ἐφέσεως
1319 5107 1567 5177 κίνησις⁹
1593 5108 1819 5177 ἐρεύνη-

252 5224 335 5268 σις
366 5206 422 5258 δέ
458 5207 624 5268 ἐστιν,
648 5207 681 5273 ὴ
713 5202 905 5273 πρώτη
950 5218 1009 5253 τε
1054 5202 1149 5253 καὶ
1188 5198 1333 5270 ἁπλῆ
1374 5198 1468 5251 τοῦ
1498 5200 1657 5267 λόγου
1691 5199 1821 5271 περὶ

249 5296 345 5367 τὴν
374 5296 510 5350 ἰδίαν
545 5295 725 5348 αἰτίαν
756 5295 894 5364 μετὰ
925 5309 1070 5355 τινος
1110 5290 1319 5353 ἐννοίας
1363 5288 1657 5361 διάκρισις.
1698 5292 1819 5343 Ἐκ-

249 5389 475 5459 ζήτησις
517 5387 573 5439 δὲ
623 5386 784 5439 πάλιν
832 5386 999 5450 ἐστὶν,
1039 5382 1207 5454 nam")
1240 5382 1331 5435 νοῦ
1365 5383 1485 5435 κατ’
1509 5384 1821 5453 ἐπιστήμην

249 5479 522 5548 γνωστικὴ
562 5478 700 5550 πρὸς
731 5478 829 5549 τὴν
868 5478 1004 5530 ἰδίαν
1035 5476 1214 5530 αἰτίαν
1248 5474 1387 5543 μετά
1420 5492 1563 5537 τινος
1589 5474 1820 5546 ζεούσης

251 5569 489 5637 ἐφέσεως
518 5569 728 5640 κίνησις
750 5585 763 5597 θ
798 5567 1145 5637 ἐξερεύνησις
1184 5566 1242 5619 δέ
1271 5568 1438 5629 ἐστιν,
1470 5566 1503 5634 ἡ
1539 5564 1633 5618 τοῦ
1655 5564 1818 5633 λόγου

252 5664 368 5717 κατ’
398 5662 679 5729 ἐνέργειαν
726 5662 834 5716 τῶν
869 5660 1079 5733 ἀρετῶν
1134 5659 1263 5729 περί
1308 5658 1407 5730 τὴν
1452 5658 1590 5713 ἰδίαν
1640 5660 1821 5714 αἰτίαν

322 5823 363 5856 ⁸⁸
392 5824 548 5879 Rom.
578 5839 651 5886 vt,
679 5824 732 5878 5.
809 5823 851 5854 ¹⁷
887 5822 1045 5887 Rom.
1072 5840 1187 5886 vm,
1213 5822 1296 5878 23.

1925 3371 2354 3433 mortiﬁcamur,
2384 3371 2839 3447 dupliceminter
2869 3388 2927 3427 se
2964 3374 3168 3428 habent
3196 3375 3497 3430 absentiam

1924 3478 2140 3517 sensus.
2172 3463 2502 3530 Justitiaque
2545 3472 2601 3515 ct
2643 3465 2918 3528 voluntas,
2952 3465 3056 3519 alia
3098 3467 3191 3519 alii
3230 3467 3499 3535 viventes,

1923 3570 2141 3607 Sensum
2172 3554 2443 3622 duplicem
2479 3554 2700 3608 habent.
2876 3610 2879 3613 _
3318 3606 3321 3609 .

1994 3648 2080 3697 823$.
2124 3646 2404 3705 Christus.
2448 3647 2541 3715 qui
2586 3647 2729 3700 Deus
2774 3657 2969 3701 natura
3018 3658 3073 3703 et
3118 3650 3281 3704 homo
3324 3653 3422 3716 sit,
3462 3674 3489 3711 η

1924 3741 2085 3793 nobis
2122 3751 2179 3791 ut
2213 3740 2365 3792 Deus
2390 3754 2555 3807 supra
2590 3751 2872 3806 naturam,
2905 3758 3103 3798 arcana
3138 3760 3236 3813 per
3270 3746 3498 3816 gratiam

1922 3833 2341 3903 participatione
2371 3848 2465 3885 seu
2508 3834 2864 3897 commercio,
2892 3835 3211 3891 lnercditate
3248 3840 3498 3906 posside-

1925 3934 2043 3988 tur;
2074 3924 2356 3991 nostrique
2382 3939 2543 3979 causa
2570 3926 2626 3978 in
2651 3924 2827 3978 forma
2855 3926 3016 3981 nobis
3038 3927 3200 3982 simili
3227 3938 3288 3981 ut
3312 3931 3493 3989 homo.

1932 4030 2032 4069 nos
2090 4014 2195 4067 sibi
2250 4014 2537 4069 vindicans
2590 4031 2653 4069 ac
2708 4016 2862 4085 quasi
2913 4032 3207 4086 arrogans,
3258 4021 3496 4090 seipsum

1921 4106 2207 4159 nobiscum
2259 4121 2357 4175 per
2403 4107 2844 4171 inclinationem,
2880 4123 3099 4163 omnem
3144 4113 3344 4167 mentis
3384 4115 3496 4168 vim

1921 4211 2307 4271 superantem,
2358 4199 2677 4253 haereditate
2738 4200 2980 4268 possidet
3034 4218 3047 4253 :
3099 4216 3261 4270 quem
3321 4208 3496 4260 sancti

1921 4291 2145 4361 mystice
2172 4289 2228 4343 in
2259 4288 2453 4358 spiritu
2482 4287 2864 4357 praevidentes,
2887 4304 3068 4358 operae
3097 4291 3334 4360 pretium
3357 4293 3501 4348 didi-

1920 4395 2077 4440 cere.
2115 4390 2177 4435 ut
2209 4378 2621 4433 manifestandaa
2655 4378 2707 4432 in
2744 4379 2989 4433 futurum
3021 4381 3239 4435 virtutis
3273 4387 3499 4451 praemio

1922 4473 1975 4527 in
2005 4472 2222 4528 Christo
2252 4472 2458 4542 glorize,
2484 4471 2706 4525 virtutis
2735 4487 2896 4527 causa
2923 4472 2976 4526 in
3005 4474 3262 4542 praesenti
3293 4478 3500 4546 passio-

1852 4586 1894 4640 ι)
1922 4584 2021 4622 nes
2051 4576 2215 4635 atque
2242 4581 2500 4619 aerumna:
2530 4567 2581 4619 in
2609 4566 2728 4635 ipso
2752 4567 3010 4635 praaireut
3036 4568 3099 4621 ¹⁷.

1992 4655 2081 4710 ⁸26.
2110 4655 2259 4710 Mens
2290 4670 2442 4718 sane,
2468 4672 2588 4724 quae
2621 4656 2736 4709 solo
2767 4655 3038 4710 desiderio
3073 4657 3253 4727 ignota
3288 4660 3498 4715 ratione

1927 4747 1983 4801 in
2018 4761 2200 4800 rerum
2232 4746 2525 4800 Auctorem
2560 4732 2874 4810 moveatur,
2906 4747 3080 4801 solum
3114 4750 3340 4817 quaerit;
3378 4768 3499 4821 quae

1929 4846 2110 4892 autem
2136 4854 2293 4892 veras
2324 4838 2379 4891 in
2410 4838 2574 4893 rebus
2602 4840 2840 4893 rationes
2864 4840 3015 4894 varie
3043 4842 3313 4910 conjcetet
3337 4844 3495 4909 ratio,

1929 4942 1992 4981 ac
2018 4927 2355 4997 argumentis
2381 4927 2713 4989 connitatur,
2738 4928 2854 4982 haac
2874 4944 3005 4982 vero
3036 4940 3329 4986 scrutatur.
3426 4960 3437 4967 -

1997 5021 2159 5091 590
2202 5020 2291 5073 27.
2322 5018 2436 5072 Hoc
2477 5018 2623 5087 quod
2665 5028 2749 5073 est
2792 5035 3057 5088 quzerere,
3090 5022 3263 5091 prima
3307 5032 3391 5078 est
3435 5040 3497 5080 ac

1924 5114 2153 5182 simplex
2183 5111 2380 5165 mentis
2411 5112 2463 5164 in
2495 5113 2771 5180 proprium
2798 5112 3090 5168 Auctorem
3124 5128 3246 5168 cum
3279 5117 3495 5184 cupitli-

1927 5214 2035 5261 tate
2082 5205 2329 5258 incitatio
2381 5221 2393 5256 :
2441 5204 2677 5257 scrutari
2722 5220 2886 5267 vero,
2936 5206 3109 5274 prima
3158 5222 3221 5259 ac
3268 5208 3496 5276 simplex

1926 5297 2155 5353 rationis
2208 5296 2353 5350 circa
2412 5295 2697 5364 proprium
2742 5295 3034 5349 Auctorem
3085 5311 3211 5350 cum
3264 5299 3494 5366 quadam

1927 5388 2230 5444 intentione
2255 5386 2446 5457 judicii
2478 5385 2757 5439 discretio.
2784 5386 2861 5439 Ae
2891 5401 3083 5440 rursus
3112 5388 3215 5441 hoc
3240 5388 3383 5455 quod
3414 5400 3495 5442 cst

1926 5476 2233 5544 exquirere,
2258 5475 2455 5528 mentis
2489 5482 2572 5528 est
2596 5474 2895 5529 secundum
2930 5476 3210 5530 scientiam
3239 5476 3496 5546 spiritalis

1926 5569 2252 5638 sapiensque
2307 5568 2359 5619 'n
2414 5565 2693 5635 proprium
2736 5565 3027 5621 Auctorem
3085 5583 3209 5621 cum
3263 5583 3495 5622 accenso

1927 5660 2164 5732 quodam
2210 5659 2483 5714 desiderio
2528 5656 2805 5725 incitatio;
2847 5660 3145 5715 cxscrutari
3186 5669 3368 5716 autem
3410 5660 3497 5730 (ut
