4184 6436
293 453 428 519 1311

960 451 1292 514 CAPITUM
1335 448 1757 523 QUINQUIES
1795 443 2312 512 CENTENORUM
2352 456 2736 517 CENTURIA
2777 454 2873 518 IV.

3410 455 3545 521 1313

279 572 347 638 τῇ
388 567 602 638 μεθέξει
646 571 841 639 πεῖραν
870 567 977 622 τῶν
1009 566 1150 634 ὑπὲρ
1182 565 1343 635 φύσιν
1392 563 1642 632 ἀγαοαιυ
1675 560 1848 631 νόησιι

1966 561 2141 618 ritalis
2181 564 2452 635 doctaque
2508 567 2576 621 de
2624 568 2744 637 ipso
2788 568 3163 625 consideratio
3224 589 3289 628 ac
3339 591 3543 639 specu-

278 658 358 723 δὲ,
389 659 490 731 τὴν
524 660 592 713 ἐκ
620 660 730 713 τῶν
762 660 934 712 ὄντων
967 658 1146 727 ἁπλῆν
1186 656 1314 729 περὶ
1341 655 1505 709 αὐτοῦ
1536 655 1630 707 καὶ¹
1653 653 1862 707 ἑνιαίαν

278 751 484 816 γνῶσιν
505 768 521 783 ο
557 753 697 823 τάχα
724 752 781 805 δὲ
814 752 911 805 καὶ
940 752 1026 804 ἐπ’
1058 749 1220 805 ἄλλου
1246 748 1448 810 παντὸς
1475 746 1631 800 τοῦτο
1659 744 1860 815 γνωρί-

275 840 461 905 ζεταιο
539 843 698 913 εἴπερ
762 843 797 911 ἡ
845 840 999 895 τοῦδε
1060 838 1156 893 τοῦ
1201 839 1525 909 πράγματος
1554 841 1735 907 πεῖρα,
1772 835 1862 888 τὸν

276 933 409 1003 περὶ
448 932 616 987 αὑτοῦ
643 930 953 985 καταπαύει
998 931 1159 998 λόγον
1185 947 1198 961 ⁸
1232 929 1325 982 καὶ
1351 932 1384 999 ή
1412 928 1566 981 τοῦδε
1596 927 1690 980 τοῦ
1713 928 1857 996 πρά-
1904 1000 1905 1003 η

273 1041 490 1094 γματος
517 1023 791 1094 αἴσθησις,
824 1022 922 1094 τὴν
945 1022 1070 1093 περὶ
1097 1020 1262 1074 αὐτοῦ
1291 1019 1658 1089 σχολάζουσαν
1691 1018 1857 1088 ἐργάο

274 1116 432 1179 ζεται
456 1115 662 1185 νόησιν.
694 1116 898 1186 Πείραν
927 1114 982 1167 δὲ
1008 1112 1174 1181 λέγω,
1208 1112 1377 1183 αὐτὴν
1411 1111 1508 1183 τὴν
1557 1112 1679 1165 κατ’
1709 1111 1859 1180 ἐνέρ-

275 1224 433 1275 γειαν
460 1208 685 1277 γνῶσιν,
718 1207 816 1278 τὴν
849 1206 988 1277 μετὰ
1019 1207 1197 1260 πάντα
1233 1205 1392 1273 λόγον
1435 1204 1853 1273 ὲπιγινομένηνι

271 1301 531 1369 αἴσθησιν
560 1299 635 1364 δὲ,
668 1300 839 1369 αὐτὴν
868 1297 965 1352 τοῦ
994 1297 1329 1367 γνωσὺέντος
1350 1297 1448 1367 τὴν
1500 1295 1735 1366 μέθεξιν,
1759 1296 1857 1364 τὴν

274 1388 417 1457 μετὰ
447 1390 625 1442 πᾶσαν
666 1389 851 1459 νόησιν
885 1388 1305 1457 ἑκφαινομὲνην.
1343 1386 1454 1439 Καὶ
1490 1384 1649 1437 τοῦτο
1695 1386 1856 1453 τυχὸν

274 1477 555 1545 μυστικῶς
579 1478 847 1530 διδάσκων
870 1479 898 1529 6
926 1477 1103 1547 μέγας
1136 1477 1488 1539 ’Δπόστολος,
1519 1476 1699 1546 φησίν·
1718 1478 1857 1529 Εἴτε

269 1569 341 1620 δὲ
378 1567 731 1636 προφητεῖαι
785 1567 1372 1636 καταργηθήσονται,
1421 1567 1541 1620 εἴτε
1583 1566 1857 1635 γλῶσσαι

270 1662 637 1725 παύσονται,
688 1659 810 1712 εἴτε
863 1659 1088 1728 γνῶσις
1145 1657 1681 1727 καταργηθήσεται,
1730 1658 1859 1728 περὶ

270 1754 374 1823 τῆς
403 1754 462 1804 ἐν
494 1752 637 1821 λόγῳ
659 1751 922 1822 κειμένης
946 1750 1041 1803 καὶ
1073 1752 1303 1821 νοήμασι
1336 1749 1589 1819 γνώσεως
1615 1749 1858 1820 δηλονότι

271 1860 521 1911 φάσκων.

1963 655 2095 707 latio
2123 667 2245 722 est;
2280 673 2501 711 sensum
2535 674 2698 723 vero,
2733 675 2852 714 eam
2884 662 3157 716 bonorum
3205 676 3401 720 natura
3450 686 3542 722 su-

1963 748 2245 816 periorum
2302 750 2698 819 experientiam
2728 793 2742 815 ,
2786 770 2906 822 quae
2942 758 3365 825 participatione
3409 776 3540 814 con-

1961 841 2153 896 sistit:
2190 842 2577 911 cogitationem
2631 860 2764 897 vero
2814 861 2908 898 seu
2943 849 3247 912 notionem,
3298 868 3419 920 quae
3471 853 3539 905 dc

1960 934 2079 1004 ipso
2100 941 2270 987 estex
2293 934 2457 986 rebus
2474 936 2777 1004 simplicem
2802 952 2865 988 ac
2889 938 3221 1005 singularem
3245 943 3537 995 seientiam

1958 1040 2020 1078 ac
2045 1024 2436 1094 mgnilionem.
2472 1026 2631 1079 Forte
2660 1042 2789 1079 vero
2838 1028 3004 1079 etiam
3061 1029 3115 1082 in
3174 1046 3231 1083 re
3290 1033 3539 1099 qualibet

1957 1116 2101 1169 idem
2147 1134 2244 1170 usu
2284 1119 2468 1183 venit;
2513 1119 2787 1188 siquidem
2839 1121 2920 1173 rei
2968 1122 3093 1174 talis
3148 1126 3488 1192 experientia
3518 1167 3532 1187 ,

1956 1225 2074 1277 qua:
2099 1209 2165 1261 de
2184 1210 2272 1261 illa
2296 1218 2401 1271 cst,
2428 1211 2695 1264 rationem
2717 1226 2929 1266 cessare
2955 1212 3116 1276 facit;
3147 1214 3418 1283 hujusquc
3456 1217 3535 1270 rei

1958 1293 2082 1346 talis
2112 1309 2328 1355 sensus,
2350 1311 2471 1363 quae
2501 1296 2569 1349 de
2601 1296 2690 1349 illa
2711 1308 2815 1361 est,
2847 1301 3237 1368 cogitationem
3259 1320 3352 1357 seu
3384 1320 3536 1357 com-

1956 1384 2346 1437 mentationem
2375 1387 2605 1441 otiosam
2638 1388 2837 1442 reddit.
2878 1390 3323 1459 Experimentum
3352 1407 3534 1452 autem

1960 1473 2107 1539 dico,
2133 1475 2304 1543 ipsam
2334 1477 2512 1546 reipsa
2534 1479 2588 1531 in
2611 1490 2735 1533 actu
2756 1480 3040 1535 scientiam
3059 1500 3121 1537 ac
3140 1488 3533 1555 cognitionem,

1956 1582 2076 1635 quae
2096 1576 2217 1637 post
2241 1584 2458 1623 omnem
2484 1572 2696 1625 accedit
2720 1574 2986 1628 rationem
3005 1586 3170 1645 atque
3184 1594 3492 1634 sermonem
3514 1598 3530 1635 :

1957 1674 2177 1714 sensum
2213 1676 2365 1724 vero,
2400 1663 2573 1731 ipsam
2596 1664 2715 1733 ejus
2746 1666 2893 1735 quod
2938 1669 3139 1722 scitum
3187 1680 3272 1724 est
3300 1711 3313 1735 ,
3367 1681 3533 1741 atque

1958 1753 2236 1821 cognitum
2256 1754 2664 1822 perceptionem
2682 1760 3206 1828 commereiumque,
3227 1771 3347 1828 post
3363 1764 3533 1817 animi

1958 1840 2260 1908 cogitatum
2290 1854 2508 1892 onmem
2539 1856 2602 1894 ac
2633 1842 3054 1912 intelligentiam
3078 1852 3325 1903 elucens.
3360 1848 3536 1919 quue

271 1935 507 1988 forsitan
538 1934 767 2005 mystice
799 1933 1002 1988 docens
1040 1948 1270 2003 magnus
1303 1931 1599 2002 Apostolus
1620 1931 1801 1986 aiebat
1826 1950 1839 1986 :
1871 1932 1988 1988 Sive
2012 1932 2297 2004 prophetia:
2321 1933 2732 1997 evacuabuntur,
2767 1935 2873 1986 sive
2894 1934 3084 2004 lingua:
3112 1942 3405 2005 cessabunt,
3425 1946 3534 1998 sive

266 2026 489 2079 scientia
510 2025 813 2078 destruetur
835 2024 914 2091 ¹⁸;
957 2038 1155 2092 nempe
1176 2022 1244 2078 de
1266 2038 1329 2077 ea
1344 2022 1573 2092 loquens
1602 2023 1855 2090 scientia,
1895 2040 2019 2094 qua:
2045 2024 2101 2077 in
2135 2024 2347 2077 ratione
2375 2023 2656 2092 animique
2721 2025 2900 2079 scrisis
2946 2036 3003 2081 et
3039 2030 3371 2099 cogitatibus
3399 2051 3532 2090 con-

270 2118 444 2172 sistit.

340 2206 439 2278 λβ’.
493 2208 693 2278 Ἐχρῆν
737 2206 814 2271 ὡς
859 2205 1075 2278 άληθῶς
1106 2206 1198 2260 τὸν
1236 2207 1375 2259 κατὰ
1425 2206 1587 2275 φύσιν
1616 2208 1713 2274 τῆς
1745 2207 1848 2259 τῶν

2021 2209 2109 2264 52.
2144 2207 2386 2263 Decebat
2418 2207 2566 2262 enim
2616 2224 2811 2264 revera
2840 2250 2855 2275 ,
2896 2226 3047 2277 eum,
3083 2214 3178 2281 qui
3220 2217 3528 2273 secundum

266 2298 439 2352 ὄντων
476 2298 667 2361 οὐσίας
713 2298 1067 2370 δημιουργὸν,
1100 2301 1192 2351 καὶ
1225 2299 1324 2368 τῆς
1362 2301 1503 2353 κατὰ
1530 2299 1690 2368 χάριν
1718 2301 1850 2352 αὑτ-

265 2387 462 2457 ονργδν
518 2386 771 2454 γενέσθαι
819 2386 932 2440 τῶν
1008 2388 1312 2455 γεγονότων
1367 2386 1655 2451 θεώσεωςο
1703 2390 1792 2442 ἵνα
1821 2390 1850 2442 6

267 2478 366 2531 τοῦ
401 2475 543 2533 εἶναι
586 2480 775 2550 δοτὴρ,
811 2481 954 2549 φανῇ
995 2480 1090 2533 καὶ
1131 2479 1228 2532 τοῦ
1255 2480 1343 2533 ἀεὶ
1364 2475 1423 2533 εὖ
1449 2475 1588 2533 εἶναι
1612 2498 1852 2553 χαριστι-

268 2569 385 2631 κός.
421 2569 575 2623 Ἐπεὶ
603 2566 699 2623 οὖν
723 2569 880 2624 οὐδὲν
910 2569 1019 2623 τῶν
1042 2569 1213 2623 ὄντων
1257 2571 1416 2623 ἑαυτὸ
1440 2572 1785 2642 τοπαράπαν,
1816 2573 1848 2643 ἢ

268 2662 401 2717 ἄλλο
447 2662 707 2731 γινώσκει
733 2664 761 2717 δ
786 2662 839 2715 τι
881 2679 1011 2717 ποτε
1034 2663 1155 2717 κατ’
1177 2663 1365 2717 ούσὶαν
1409 2665 1575 2728 ἐστὶν,
1625 2665 1850 2728 εἰκότως

266 2755 391 2809 οὐδὲ
445 2755 555 2808 τῶν
596 2756 978 2824 γενησομένων
1031 2754 1244 2818 οὐδενὸς
1280 2754 1436 2808 οὐδὲν
1488 2755 1599 2808 τῶν
1659 2756 1846 2821 ὄντων,

270 2844 382 2914 ἔχει
410 2846 553 2898 κατὰ
585 2844 748 2913 φύσιν
779 2844 880 2914 τὴν
906 2844 1237 2914 πρόγνωσιν,
1291 2844 1435 2916 πλὴν
1479 2844 1574 2898 τοῦ
1604 2846 1744 2915 ὑπὲρ
1778 2846 1849 2899 τὰ

267 2936 396 2990 ὄντα
417 2934 572 3003 Θεοῦ,
602 2940 696 2990 καὶ
724 2936 918 2989 ἑαυτὸν
968 2935 1346 3003 γινώσκοντος.
1374 2937 1403 2989 ὃ
1428 2954 1482 2988 τι
1507 2938 1628 2989 κατ’
1662 2938 1848 2989 οὐσίαν

266 3029 408 3095 ἐστὶ,
444 3029 539 3082 καὶ
573 3028 787 3081 πάντων
816 3026 925 3080 τῶν
979 3027 1070 3080 ὑπ’
1116 3026 1283 3080 αὑτοῦ
1317 3030 1720 3098 πεποιημένων,
1755 3030 1848 3082 καὶ

267 3122 399 3191 πρὶν
429 3119 683 3197 γενέσθαι
720 3118 1126 3190 προεγνωκότος
1153 3120 1253 3189 τὴν
1283 3118 1516 3190 ὓπαρξιν
1542 3136 1556 3151 ·
1593 3121 1684 3172 καὶ
1716 3121 1846 3189 μέλ-

266 3207 449 3270 λοντος
478 3208 620 3260 κατὰ
640 3207 802 3278 χάριν
853 3207 1261 3277 φιλοτιμεῖσθαι
1299 3210 1410 3270 τοῖς
1437 3202 1554 3260 οὖσι
1586 3208 1686 3279 τὴν
1717 3210 1846 3262 ἐαυ-

266 3295 395 3361 τῶν,
430 3297 523 3348 καὶ
569 3296 766 3357 ἄλλων,
798 3296 827 3349 ὅ
870 3296 923 3347 τί
964 3312 1093 3348 ποτε
1137 3296 1256 3347 κατ’
1306 3296 1493 3348 οὐσίαν
1544 3297 1847 3365 ὑπάρχουσι

265 3388 491 3456 γνῶσιν,
531 3388 626 3439 καὶ
668 3389 797 3450 τοὺς
837 3388 894 3440 ὲν
935 3387 1085 3456 αὐτῷ
1136 3388 1422 3455 μονοειδῶς
1451 3387 1715 3457 προόντας
1746 3388 1848 3457 τῆς

265 3478 446 3534 αὐτῶν
468 3478 738 3547 γενέσεως
768 3478 1085 3549 φανερῶσαι
1116 3479 1329 3546 λόγους.

1950 2309 2205 2353 naturam
2234 2298 2489 2353 essentia:
2534 2316 2719 2353 rerum
2763 2302 3019 2356 conditor
3066 2305 3158 2369 sit,
3211 2318 3527 2363 ereatorum

1950 2406 2170 2460 quoque
2199 2391 2586 2457 deificationis,
2627 2408 2749 2461 qua:
2778 2410 2878 2463 per
2904 2396 3137 2465 gratiam
3166 2406 3273 2462 est,
3328 2414 3526 2455 anetu-

1951 2498 2067 2536 rem
2096 2484 2404 2549 exsistere;
2439 2494 2499 2539 ut
2530 2485 2625 2554 qui
2653 2495 2713 2539 ut
2737 2496 2924 2541 essent
2969 2500 3321 2545 concesserat
3344 2532 3358 2553 .
3407 2495 3527 2562 ejus

1950 2574 2097 2643 quod
2130 2584 2216 2628 est
2241 2591 2459 2644 semper
2502 2576 2642 2631 bene
2682 2592 2803 2630 esse
2835 2580 3296 2650 scmpiternaeque
3345 2583 3487 2638 felici
3501 2615 3525 2625 -

1952 2668 2079 2721 tatis
2112 2668 2616 2737 largitorcniteret.
2645 2668 2781 2723 Cum
2812 2670 2976 2739 igitur
3006 2672 3153 2725 nulla
3182 2687 3268 2725 res
3297 2676 3521 2728 omnino

1953 2756 2071 2825 ipsa
2098 2774 2179 2818 se,
2231 2766 2394 2811 antvc
2428 2760 2591 2812 aliam
2628 2771 2960 2828 cognoscat,
3007 2761 3272 2830 quidnam
3320 2765 3392 2818 sit
3427 2782 3523 2834 per

1950 2848 2283 2912 essentiam;
2327 2850 2524 2902 metito
2554 2849 2632 2913 fit,
2667 2859 2727 2902 ut
2761 2866 2864 2904 nec
2906 2852 3016 2905 ulla
3064 2852 3298 2924 alicujus
3328 2870 3524 2912 eorum

1949 2950 2071 3004 quae
2104 2937 2292 2989 futura
2324 2946 2472 2999 sunt,
2504 2951 2574 2990 ex
2618 2947 2814 2991 natura
2859 2941 3256 3007 praescientiam
3299 2943 3521 3011 habeat,

1949 3042 2062 3079 uno
2091 3026 2376 3088 duntaxat,
2403 3027 2498 3096 qui
2532 3036 2617 3080 cst
2645 3043 2812 3096 super
2847 3030 3030 3089 omnia
3057 3072 3071 3095 ,
3123 3044 3355 3101 excepto
3386 3036 3519 3100 Deo,

1947 3117 2041 3185 qui
2099 3127 2156 3170 ct
2206 3117 2323 3185 ipse
2368 3116 2609 3185 seipsum
2643 3128 2938 3186 cognoscat
2986 3122 3247 3188 quidnam
3303 3126 3375 3179 sit
3424 3144 3521 3195 per

1945 3206 2262 3268 essentiam,
2294 3208 2652 3275 omniumque
2679 3224 2868 3261 eorum
2892 3225 3014 3278 qute
3042 3212 3112 3264 ab
3151 3213 3268 3280 ipso
3297 3218 3520 3271 condita

1948 3304 2096 3359 sunt,
2128 3295 2445 3363 priusquam
2477 3296 2645 3349 etiam
2677 3297 3048 3353 conderentur
3090 3302 3249 3371 592
3302 3317 3519 3359 essent-

1948 3402 2054 3454 que
2093 3385 2262 3449 edita,
2316 3388 2681 3442 substantiam
2730 3401 3036 3457 przcnoscat
3070 3409 3083 3445 :
3120 3395 3215 3462 qui
3275 3396 3520 3467 denique

1949 3495 2048 3547 per
2077 3479 2306 3549 gratiam
2330 3480 2612 3534 liberalius
2644 3481 2805 3534 rebus
2837 3482 3139 3537 collaturus
3158 3485 3249 3551 sit,
3299 3498 3356 3541 ut
3386 3489 3519 3558 ipsa

265 3592 363 3640 se,
393 3576 748 3645 vicissimque
802 3574 923 3628 alia:
977 3574 1112 3627 alias
1159 3582 1533 3644 cognoscant,
1578 3573 1843 3645 quidnam
1888 3575 2120 3642 sintper
2155 3574 2471 3639 essentiam,
2514 3575 2682 3645 inque
2746 3576 2932 3645 seipse
2981 3578 3332 3636 uniformiter
3372 3599 3516 3653 pra:-

262 3667 566 3723 existentcs
594 3682 783 3722 earum
814 3664 1045 3736 originis
1084 3667 1262 3735 palam
1306 3667 1439 3736 ipsis
1468 3667 1716 3723 facturus
1753 3666 2015 3720 rationes.
2164 3667 2171 3674 ’

336 3756 438 3826 λγ’.
492 3758 550 3810 '0
586 3758 685 3826 τὴν
732 3756 894 3825 φύσιν
930 3755 1038 3809 τῶν
1083 3756 1386 3828 ἀνθρώπων
1432 3758 1907 3828 δημιουργήσαςο

262 3847 422 3915 λόγος
447 3845 559 3917 [qq.
608 3847 678 3900 σά
718 3844 934 3900 Thalas.
970 3860 1021 3914 (ι.
1072 3843 1160 3898 61.
1202 3843 1381 3916 Θεὸς],
1418 3846 1480 3898 οὐ
1526 3847 1840 3899 συνέκτισεν

264 3939 405 4009 αὐτῇ
430 3937 573 3990 κατὰ
597 3936 872 4006 αἴσθησιν,
905 3934 1030 3987 οὔτε
1059 3936 1273 4006 ἡδονὴν,
1307 3934 1430 3988 οὔτε
1463 3935 1681 4005 ὀδύνηνο
1706 3936 1841 3989 ἀλλὰ

262 4026 497 4097 δύναμίν
535 4044 657 4079 τινα
690 4026 830 4078 κατὰ
860 4024 984 4078 νοῦν
1026 4026 1163 4096 αὐτῇ
1200 4024 1335 4095 πρὸς
1364 4024 1578 4096 ἡδονὴν,
1616 4025 1739 4077 καθ’
1772 4028 1838 4096 ἣν

260 4119 515 4190 ἀρρήτως
560 4117 855 4173 ἀπολαύειν
882 4115 1047 4169 αὑτοῦ
1087 4116 1395 4187 δυνήσεται,
1430 4116 1835 4186 ὲνετεκτήνατο.

261 4209 481 4280 Ταύτην
519 4209 577 4262 δὲ
623 4208 722 4281 τὴν
768 4208 1026 4278 δύναμιν,
1075 4206 1220 4275 λέγω
1270 4207 1325 4259 δὲ
1357 4206 1455 4276 τὴν
1492 4209 1631 4261 κατὰ
1674 4208 1835 4276 φύσιν

258 4300 356 4353 τοῦ
392 4298 484 4352 νοῦ
514 4298 652 4370 πρὸς
692 4298 785 4351 τὸν
818 4298 950 4351 Θεὸν
986 4297 1193 4366 ἐτεσιν,
1228 4297 1344 4367 ἅμα
1372 4298 1735 4367 τῷγενέσοαι,
1765 4300 1832 4369 τῇ

264 4389 513 4459 αἰσθήσει
540 4388 664 4451 δοὺς
691 4390 720 4441 6
756 4387 973 4457 πρῶτος
1000 4387 1310 4457 ἄνθρωπος,
1334 4386 1470 4458 πρὸς
1502 4387 1569 4439 τὰ
1602 4386 1834 4455 αἰσθητά

259 4478 383 4530 κατ’
416 4477 586 4546 αὐτὴν
618 4475 718 4546 τὴν
765 4475 990 4547 πρώτην
1031 4475 1246 4546 κίνησιν
1287 4474 1375 4528 διὰ
1418 4474 1590 4546 μέσης
1614 4476 1714 4545 τῆς
1746 4476 1832 4529 αἰ·-

260 4568 508 4638 σθήσεως
550 4566 676 4636 ἔσχε
732 4568 886 4638 παρᾶ
933 4565 1092 4635 φύσιν
1130 4566 1536 4636 ἐνεργουμένην
1576 4566 1674 4638 τὴν
1708 4567 1831 4637 ἡδο-

258 4660 391 4728 νήνο
426 4651 572 4730 ᾗτινι
636 4658 778 4711 κατὰ
824 4657 1080 4728 πρόνοιαν
1133 4657 1162 4709 6
1213 4657 1313 4727 τῆς
1354 4658 1512 4729 ἡμῶν
1557 4661 1831 4730 σωτηρίας

260 4750 581 4819 κηδόμενος,
602 4750 923 4818 παρέπηξεν
953 4748 1143 4820 ὥσπερ
1167 4750 1289 4802 τινὰ
1318 4750 1559 4820 τιμωρὸν
1579 4750 1827 4821 δύναμιν,

257 4840 359 4909 τὴν
393 4839 623 4908 ὀδύνην·
677 4840 800 4893 καθ’
844 4842 909 4910 ἢν
955 4841 983 4892 6
1032 4838 1125 4891 τοῦ
1173 4838 1399 4892 θανάτου
1459 4840 1595 4910 μετὰ
1640 4842 1830 4908 σοφίας

257 4930 589 5003 ὲνερῤιζὼθη
616 4933 682 5002 τῇ
706 4928 799 4984 τοῦ
822 4931 1076 4998 σώματος
1100 4930 1259 5000 φύσει
1290 4930 1473 4999 νόμος,
1502 4931 1827 5001 περιορίζων

256 5022 358 5093 τῆς
395 5022 489 5075 τοῦ
522 5021 615 5075 νοῦ
671 5022 870 5091 μανίας
922 5021 1076 5093 παρὰ
1122 5024 1286 5091 φύσιν
1339 5020 1431 5073 ἐπὶ
1476 5020 1546 5073 τά
1589 5021 1824 5093 αἰσθητὰ

258 5114 585 5184 κινουμένην
608 5114 705 5185 τὴν
730 5114 938 5183 ἔφεσιν.

328 5206 424 5261 λδ.
477 5208 668 5278 Ἡδονὴ
720 5210 813 5261 καὶ
859 5207 1043 5279 ὀδύνη,
1094 5207 1161 5277 τῆ
1196 5206 1356 5277 φύσει
1384 5206 1483 5277 τῆς
1516 5207 1719 5278 σαρκὸς
1762 5208 1824 5262 ού

258 5298 689 5371 συνεκτίσθησαν
709 5316 723 5328 ·
758 5299 873 5353 ἀλλ’
909 5301 942 5371 ἡ
970 5300 1299 5371 παράϐασις,
1328 5300 1427 5369 τὴν
1458 5299 1576 5368 μὲν,
1602 5300 1827 5370 ἐπενόη-

259 5408 350 5445 σεν
378 5393 458 5454 εἰς
484 5391 691 5462 φθοράν
730 5392 827 5462 τῆς
854 5391 1229 5463 προαιρέσεως
1247 5408 1261 5422 ·
1299 5392 1398 5462 τὴν
1424 5390 1503 5455 δὲ,
1538 5392 1826 5444 κατεδίκα-

258 5500 353 5537 σεν
381 5486 461 5548 εἰς
493 5483 645 5538 λύσιν
682 5488 781 5556 τῆς
811 5486 1025 5555 φύσεως
1048 5501 1061 5515 ·
1091 5486 1178 5540 ἵνα
1208 5487 1242 5555 ἡ
1292 5485 1390 5557 μὲν
1418 5484 1604 5555 ἡδονὴ,
1642 5484 1822 5554 ψυχῆς

255 5576 503 5632 ἑκούσιον
558 5578 856 5649 ἐργάσηται
915 5577 1145 5631 θάνατον
1198 5578 1298 5649 τὴν
1337 5575 1641 5647 ἁμαρτίανο
1686 5576 1719 5644 ἡ
1766 5576 1823 5628 δὲ

254 5670 416 5740 ὀδύνη
443 5670 531 5723 διὰ
557 5670 656 5740 τῆς
702 5668 929 5737 λύσεως,
963 5669 1059 5743 τὴν
1082 5670 1206 5726 κατ’
1236 5666 1377 5735 εἶδος
1400 5668 1696 5741 ποιήσηται
1726 5668 1827 5740 τῆς

326 5827 372 5865 ⁸⁵
399 5830 422 5887 Ι
444 5830 568 5886 Cor.
592 5846 707 5897 xm,
739 5830 789 5886 8.

2013 3758 2099 3811 53.
2137 3757 2239 3823 Qui
2289 3758 2581 3811 humanam
2624 3768 2876 3812 naturam
2910 3760 3156 3815 condidit
3202 3763 3347 3820 Deus
3378 3805 3393 3829 ,
3445 3784 3516 3824 eo

1942 3851 2087 3917 quod
2116 3851 2382 3914 condidit,
2424 3866 2603 3919 nequc
2648 3851 2981 3919 voluptatem
3036 3869 3216 3922 neque
3264 3857 3512 3916 dolorem

1940 3938 2090 3992 illius
2119 3940 2302 3992 sensui
2336 3940 2538 3993 indidit
2576 3958 2588 3992 :
2623 3941 2717 3993 sed
2754 3942 2863 3993 vim
2905 3944 3196 4010 quamdam
3228 3947 3413 4003 animo
3441 3952 3512 4007 ad

1938 4029 2272 4097 voluptatem
2304 4029 2606 4084 fabricatus
2627 4038 2734 4093 est,
2762 4032 3071 4086 secundum
3104 4052 3269 4104 quam
3310 4054 3508 4096 arcana

1938 4119 2213 4188 nullisque
2246 4121 2434 4175 verbis
2489 4122 2803 4189 explicabili
2853 4124 3067 4181 ratione
3094 4167 3109 4191 ,
3166 4128 3287 4198 ipso
3327 4144 3511 4201 posset

1936 4209 2066 4263 frui.
2106 4209 2256 4265 lianc
2300 4212 2483 4282 itaque
2517 4213 2624 4267 vim
2658 4213 2931 4285 (naturale
2977 4219 3191 4273 scilicet
3223 4225 3425 4279 mentis
3452 4226 3513 4281 in

1936 4297 2107 4351 Deum
2138 4299 2498 4370 desiderium)
2527 4302 2740 4371 primus
2783 4304 2950 4359 homo
2979 4322 3103 4359 mox
3140 4325 3209 4363 ac
3252 4313 3515 4371 conditus

1935 4386 2132 4450 fuerat,
2184 4389 2369 4442 sensui
2415 4390 2715 4457 addieens,
2768 4410 3041 4464 propenso
3073 4397 3127 4451 in
3170 4416 3232 4454 ea
3276 4418 3398 4471 quae
3454 4406 3510 4461 in

1933 4495 2155 4533 sensum
2182 4481 2405 4547 cadunt,
2431 4483 2610 4552 primo
2637 4485 2756 4553 ipso
2780 4495 2953 4553 motu,
2988 4489 3317 4547 intermedio
3343 4512 3511 4553 sensu

1934 4571 2301 4626 innaturalcm
2336 4575 2516 4643 rcipsa
2567 4577 2865 4630 exercitam
2897 4587 3060 4648 atque
3100 4582 3375 4651 vigentem
3416 4603 3512 4641 vo-

1934 4662 2200 4730 luptatem
2234 4662 2460 4729 habuit;
2486 4664 2692 4734 cuipcr
2715 4667 3143 4735 providentiam,
3181 4674 3273 4740 qui
3306 4684 3512 4733 nostra;

1932 4768 2125 4807 curam
2152 4754 2346 4809 salutis
2369 4755 2515 4824 agit,
2574 4772 2674 4811 ceu
2728 4758 2836 4811 vim
2879 4761 3173 4828 quamdam
3227 4765 3508 4834 ultricem,

1932 4845 2179 4898 dolorem
2210 4844 2415 4911 ailixit;
2452 4862 2561 4915 quo
2595 4848 2873 4917 sapienter
2912 4851 3107 4906 mortis
3142 4854 3249 4917 lex,
3296 4865 3511 4916 natura:

1931 4938 2181 5005 corporis
2203 4937 2329 4991 altis
2346 4937 2521 4992 defixa
2547 4938 2829 4994 radicibus
2850 4948 2955 5005 est,
2982 4941 3310 5012 desipientis
3330 4950 3506 5005 animi

1932 5026 2212 5079 incitatam
2251 5027 2303 5079 in
2339 5042 2425 5081 res
2456 5028 2642 5081 sensui
2674 5029 2918 5099 objectas
2946 5031 3309 5089 innaturalcm
3344 5040 3506 5108 cupi-

1861 5101 1904 5156 Ῑ)
1938 5117 2169 5171 ditatem
2208 5116 2499 5169 eliminans
2527 5127 2693 5185 atque
2732 5120 3054 5174 extrudens.

2006 5210 2092 5263 3L
2131 5209 2391 5277 Voluptas
2422 5225 2484 5264 ac
2509 5209 2688 5273 dolor,
2722 5226 2829 5264 non
2864 5228 2970 5266 una
3002 5228 3124 5266 cum
3155 5225 3351 5269 natura
3378 5234 3502 5272 ear-

1934 5300 2019 5354 nis
2044 5299 2265 5353 condita
2309 5307 2473 5364 sunt;
2518 5299 2611 5353 sed
2667 5300 3025 5369 transgressio
3068 5302 3230 5356 aliam
3278 5305 3498 5373 quidem

1934 5390 1999 5444 ad
2031 5388 2326 5443 voluntatis
2355 5388 2520 5443 animi
2553 5387 2732 5441 labem
2784 5389 3098 5454 adinvenit;
3145 5393 3380 5447 alterum
3430 5412 3499 5449 ex

1930 5483 2279 5537 damnatione
2297 5481 2350 5534 in
2369 5482 2649 5536 interitum
2673 5491 2882 5536 natura:
2904 5483 3109 5538 invexit
3134 5503 3145 5537 :
3172 5501 3279 5553 quo
3299 5502 3497 5556 nempe

1929 5576 2181 5643 voluptas
2205 5573 2429 5643 quidem
2460 5589 2522 5627 ac
2557 5574 2728 5626 libido
2759 5582 3116 5643 spontaneam
3151 5577 3316 5629 animi
3352 5593 3495 5634 mor-

1934 5676 2040 5722 tem
2073 5672 2379 5735 (peccatum
2416 5665 2643 5734 scilicet)
2679 5666 3002 5731 ascisceret;
3027 5667 3187 5722 dolor
3216 5682 3349 5723 vero
3380 5667 3488 5723 dis-
