4184 6436
272 439 405 505 i321

946 435 1282 497 CAPITUM
1321 428 1742 506 QUINQUIES
1772 424 2285 487 CENTENORUM
2326 424 2707 485 CENTURIA
2752 425 2847 482 IV.

3387 422 3520 486 1322

267 570 397 606 τον·
428 548 521 604 καὶ
560 544 630 620 ἦν
668 549 873 620 ἄπορος
922 546 1273 601 παντάπασιν
1318 546 1348 598 ὁ
1384 546 1483 614 τῆς
1526 542 1839 611 ἐλευθερίας

1953 536 2131 591 renda:
2158 538 2241 593 eis
2275 538 2553 592 libertatis
2584 535 2783 590 modus
2821 532 3173 604 suppetebat,
3202 533 3298 603 qui
3333 536 3519 604 iniqua

268 643 494 714 τρόπος,
520 644 631 704 τοῖς
664 640 768 693 ὑπὸ
796 640 897 710 τῆς
920 639 1108 692 ἀδίκου
1136 636 1593 707 τυραννουμένοις
1622 634 1839 704 ἡδονῆς,

268 735 363 786 καὶ
404 732 512 786 ὑπὸ
538 731 649 785 τῶν
685 730 910 785 δικαίων
956 730 1157 797 πόνων,
1195 728 1289 784 καὶ
1316 726 1411 782 τοῦ
1442 726 1528 780 ἐπ’
1555 726 1736 787 αὐτοῖς
1768 723 1845 775 δι-

268 823 562 875 καιοτάτου
622 820 856 874 θανάτου
906 819 1157 889 φυσικῶς
1205 815 1576 888 ἐνεχομένοις’
1625 814 1733 867 ἔδει
1788 811 1845 864 δέ

270 915 409 984 πρὸς
436 912 718 982 ἀναίρεσιν
756 910 855 980 μὲν
873 912 972 982 τῆς
997 908 1337 979 ἀδικωτάτης
1366 908 1580 974 ἡδονῆς,
1616 905 1709 958 καὶ⁵
1737 903 1846 955 τῶν

268 1005 339 1057 δι’
385 1003 556 1074 αὐτὴν
591 1002 949 1057 δικαιοτάτων
985 1002 1186 1067 πόνων,
1220 1000 1312 1068 ὑφ’
1352 992 1429 1053 ὧν
1474 996 1726 1058 ἐλεεινῶς
1768 998 1846 1049 δι-

268 1098 476 1150 εσπᾶτο
502 1096 728 1165 πάσχων
750 1096 780 1149 ὁ
802 1094 1107 1166 ἄνθρωπος,
1132 1095 1198 1147 ἐκ
1214 1092 1420 1163 φθορᾶς
1448 1092 1548 1160 τῆς
1577 1089 1700 1144 καθ’
1726 1089 1847 1158 ἡδο-

269 1190 372 1259 νὴν
402 1188 540 1259 ἔχων
583 1187 684 1257 τὴν
717 1185 891 1256 ἀρχὴν
930 1186 1029 1256 τῆς
1068 1185 1359 1254 γενέσεως,
1389 1183 1485 1236 καὶ⁸
1527 1184 1607 1244 εἰς
1642 1179 1848 1249 φθορὰν

270 1280 371 1350 τὴν
400 1280 488 1333 διὰ
515 1278 613 1332 τοῦ
644 1278 882 1331 θανάτου
907 1276 971 1330 τὸ
998 1276 1099 1345 τῆς
1124 1275 1269 1347 ζωῆς
1299 1275 1625 1343 καταλήγων
1660 1271 1813 1335 τέλος
1832 1288 1843 1300 ’

272 1371 413 1441 πρὸς
452 1371 509 1422 δὲ
539 1370 640 1440 τὴν
669 1367 1048 1439 ἐπανόρθωσιν
1071 1368 1171 1437 τῆς
1201 1365 1447 1429 ἀπαθοῦς
1465 1369 1482 1386 ⁸
1510 1365 1724 1434 φύσεως
1748 1365 1846 1434 (q).

270 1460 623 1530 ἐπινοηθῆναι
648 1460 809 1512 πόνον
834 1458 927 1511 καὶ
944 1457 1194 1521 θάνατον,
1215 1457 1398 1511 ἄδικον
1424 1453 1559 1524 ὁμοῦ
1588 1454 1682 1506 καὶ
1697 1454 1849 1505 ἀναί-

269 1568 388 1604 τιον
415 1566 429 1579 '
463 1552 703 1605 ἀναίτιον
738 1552 856 1621 μὲν,
891 1550 968 1613 ὡς
1001 1549 1257 1619 οὐδαμῶς
1309 1546 1690 1618 προλαϐοῦσαν
1726 1545 1849 1615 ήδοο

270 1641 369 1710 γὴν
396 1642 671 1711 ἐσχηκότα
703 1641 840 1711 πρὸς
866 1641 1081 1709 γένεσιν
1102 1658 1116 1672 ο
1146 1641 1331 1694 ἄδικον
1376 1639 1453 1703 δὲ,
1482 1637 1559 1701 ὼς
1593 1638 1850 1707 οὐδεμιᾶς

269 1728 603 1796 τοπαράπαν
635 1728 781 1799 ζωῆς
807 1728 1088 1797 ἐμπαθοΰς
1116 1728 1245 1781 ὅντα
1271 1728 1537 1798 διάδοχον,
1563 1727 1653 1784 ἵνα
1686 1726 1849 1797 μέσος

269 1818 593 1887 διαληφθεὶς
638 1819 836 1889 ἡδονῆς
879 1820 1094 1883 ἀδίκου,
1126 1820 1221 1873 καὶ
1267 1820 1432 1874 πόνου
1476 1818 1572 1871 καὶ
1619 1817 1847 1871 θανάτου

1946 629 2249 697 voluptatis
2297 629 2474 698 pressi
2511 628 2799 699 tyrannide
2826 668 2839 687 ,
2895 626 3059 697 justis
3111 625 3397 681 laboribus
3435 630 3523 698 ju-

1948 721 2314 789 stissimaaque
2339 735 2406 773 ex
2437 719 2546 773 illis
2589 719 2754 772 morti
2795 727 2991 771 natura
3042 715 3270 770 obnoxii
3320 728 3519 783 erant;

1945 828 2129 883 operat
2154 812 2506 882 pretiumque
2532 820 2673 875 erat,
2694 819 2809 864 tum
2831 810 2898 863 ad
2926 810 3328 879 iniquissimam
3348 810 3522 865 inter-

1945 903 2224 958 imendum
2277 904 2651 972 voluptatem,
2706 903 2964 979 ejusque.
2999 918 3165 958 causa
3210 903 3524 973 justissime

1947 996 2197 1049 invectos
2240 995 2460 1049 labores
2482 994 2790 1049 abolendos
2818 1033 2833 1057 ,
2878 994 3080 1062 quibus
3124 994 3287 1048 homo
3322 995 3525 1048 misere

1947 1086 2207 1141 laborans
2238 1086 2657 1140 distrahebatur
2704 1087 2811 1158 (cui
2864 1086 3079 1140 scilicet
3117 1102 3187 1140 ex
3224 1086 3525 1155 voluptatis

1947 1193 2012 1232 ac
2039 1177 2285 1231 libidinis
2304 1177 2426 1230 labe
2447 1177 2679 1247 originis
2711 1187 2862 1231 esset
2893 1175 3137 1237 initium,
3177 1176 3344 1244 inque
3373 1190 3524 1226 mor-

1948 1269 2020 1323 tis
2055 1268 2238 1323 tabem
2265 1267 2391 1321 vita:
2418 1266 2542 1319 ﬁnis
2569 1267 2888 1333 desineret),
2935 1276 3050 1321 tum
3097 1267 3165 1320 ad
3218 1266 3528 1320 laborantis

1952 1368 2162 1415 natura:
2193 1359 2681 1422 instaurationem,
2714 1358 2959 1412 laborem
2999 1358 3302 1426 mortisque
3346 1360 3526 1412 inter-

1950 1459 2086 1510 itum
2136 1455 2472 1524 excogitari,
2526 1454 2794 1524 injustum
2841 1453 3008 1507 simul
3053 1462 3111 1507 et
3151 1469 3372 1508 causam
3413 1470 3527 1509 non

1954 1547 2271 1601 habentem.
2303 1546 2510 1615 Nempe
2539 1559 2653 1598 non
2698 1544 2999 1599 habentem
3047 1559 3291 1608 causam,
3336 1553 3398 1598 ut
3430 1546 3527 1614 qni

1950 1647 2287 1707 praeeuntem
2319 1652 2434 1691 sum
2480 1636 2680 1706 origini
2724 1637 3066 1704 voluptatem
3100 1636 3528 1705 haudquaquam

1954 1730 2271 1795 habuisset;
2314 1730 2583 1800 injustum
2624 1744 2795 1793 vero,
2847 1738 2908 1783 ut
2953 1730 3049 1798 qui
3104 1729 3240 1783 nulli
3298 1745 3529 1799 prorsus

1953 1820 2266 1877 libidinosae
2297 1822 2424 1876 vitae
2448 1836 2633 1876 comes
2662 1830 2809 1875 esset
2838 1861 2852 1885 ,
2903 1829 2965 1875 ut
3007 1821 3270 1875 nimirum
3313 1822 3529 1879 medius

269 1911 639 1976 δικαιοτάτου,
679 1912 843 1975 πόνος
892 1913 988 1965 καὶ
1024 1912 1251 1976 θάνατος
1297 1910 1652 1977 ἀδικώτατος,
1682 1910 1846 1981 ἀνέλῃ

1953 1915 2291 1983 interceptus
2316 1913 2461 1968 inter
2488 1914 2747 1983 injustam
2784 1914 3142 1982 voluptatem,
3170 1914 3529 1985 laboremque

268 2003 449 2057 διόλου
471 2003 569 2074 τὴν
606 2004 665 2068 ἐξ
694 2004 890 2075 ἡδονῆς
938 2005 1282 2074 ἀδικωτάτην
1314 2003 1511 2075 ἀρχὴν,
1556 2002 1650 2056 καὶ
1680 2003 1743 2055 τὸ
1778 2002 1844 2055 δι’

265 2095 447 2166 αὑτὴν
487 2096 578 2150 διὰ
613 2096 849 2149 θανάτου
887 2095 1227 2150 δικαιότατον
1271 2094 1426 2158 τέλος
1468 2093 1569 2161 τῆς
1608 2092 1843 2162 φύσεως,

270 2188 372 2241 καὶ
400 2188 626 2256 γένηται
673 2187 836 2241 πάλιν
874 2187 1073 2259 ἡδονῆς
1110 2188 1206 2242 καὶ
1246 2185 1438 2257 ὀδύνης
1478 2185 1762 2256 ἐλεύθερον
1786 2186 1847 2238 τὸ

270 2280 437 2345 γένος
473 2280 584 2331 τῶν
623 2277 948 2349 ἀνθρώπων,
980 2278 1077 2350 τὴν
1117 2278 1355 2350 ἐξαρχῆς
1395 2276 1688 2347 εύκληρίαν
1709 2277 1846 2330 ἀπο-

268 2368 545 2441 λαδούσης
576 2371 681 2441 τῆς
714 2370 950 2439 φύσεως,
972 2370 1160 2441 μηδενὶ
1184 2369 1295 2422 τῶν
1318 2368 1711 2439 ἐμπεφυκάτων
1736 2370 1847 2431 τοῖς

274 2460 381 2515 ὑπὸ
413 2463 629 2531 γένεσιν
676 2464 768 2517 καὶ
792 2463 1002 2535 φθοράν
1030 2462 1428 2534 γνωρισμάτων
1456 2459 1844 2531 μολυνομένηεΑ

270 2553 379 2606 Διά
408 2554 569 2608 τοῦτο
596 2554 732 2618 Θεὸς
758 2554 1023 2625 ὑπάρχων
1066 2553 1272 2617 τέλειος
1314 2552 1456 2608 κατά
1487 2551 1649 2621 φύσιν
1694 2553 1724 2605 ὁ
1749 2550 1841 2604 τοῦ

265 2644 414 2698 Θεοῦ
474 2646 667 2713 Λόγος,
727 2646 942 2715 γίνεται
989 2644 1193 2710 τέλειος
1242 2645 1529 2719 ἄνθρωπος
1561 2645 1626 2698 ἐκ
1670 2643 1850 2715 ψυχῆς

269 2738 470 2807 νοερᾶς
499 2738 594 2792 καὶ
626 2736 880 2811 σώματος
909 2737 1154 2811 παθητοῦ
1179 2738 1329 2794 κατά
1359 2736 1525 2809 φύσιν
1559 2737 1851 2807 παραπλη-

271 2830 409 2893 σίως
455 2829 607 2900 ἡμῖν,
641 2831 816 2902 χωρὶς
857 2831 1027 2903 μόνης
1078 2831 1357 2902 ἁμαρτίας
1413 2828 1714 2893 συνεστώς·
1748 2830 1849 2901 τὴν

277 2919 380 2988 μέν
427 2922 493 2972 ἐκ
534 2920 635 2989 τῆς
688 2920 979 2992 παρακοῆς
1021 2921 1233 2992 ἡδονὴν,
1275 2920 1527 2991 οὐδαμῶς
1566 2919 1848 2975 τοσύνολον

272 3009 546 3080 ἐσχηκὼς,
588 3012 1009 3083 προηγουμένην
1038 3011 1205 3065 αὐτοῦ
1247 3012 1345 3084 τῆς
1387 3014 1453 3065 ἐκ
1490 3012 1750 3081 γυναικὸς
1789 3017 1849 3068 ἐν

274 3099 456 3171 χρόνῳ
468 3102 771 3173 γεννήσεως
789 3118 807 3133 ⁸
833 3102 931 3174 τὴν
960 3103 1016 3156 δέ
1052 3102 1119 3155 δι’
1146 3102 1315 3172 αὐτὴν
1341 3102 1551 3172 ὀδύνην,
1577 3104 1848 3175 ὑπάρχου-

274 3206 379 3242 σαν
419 3191 571 3256 τέλος
602 3193 703 3263 τῆς
744 3194 980 3263 φύσεως,
1006 3191 1093 3246 διὰ
1132 3191 1542 3265 φιλανθρωπίαν
1574 3195 1719 3247 κατά
1757 3194 1845 3247 θέ-

1946 2014 2004 2059 et
2059 2015 2293 2059 mortem
2348 2005 2757 2075 justissimam,
2808 2002 2970 2075 594
3021 2004 3178 2059 labor
3221 2008 3530 2065 mortisque

1948 2093 2210 2147 interitus
2243 2092 2658 2163 injustissimus,
2696 2092 3118 2162 injustissimam
3144 2107 3211 2147 ex
3245 2095 3531 2165 voluptate

1947 2184 2220 2254 originem
2248 2201 2479 2255 prorsus
2506 2185 2774 2245 aboleret,
2800 2200 2883 2249 ac,
2906 2184 2997 2254 qui
3023 2186 3144 2256 ejus
3166 2200 3333 2241 causa
3383 2202 3534 2241 mor-

1948 2276 2019 2330 tis
2036 2276 2357 2330 interitione
2376 2276 3079 2344 inoleverat,justissimum
3098 2286 3309 2333 natura:
3332 2278 3528 2345 ﬁnem;

1948 2359 2365 2438 humanumque
2396 2381 2573 2438 genus
2613 2381 2809 2421 rursus
2849 2382 2880 2420 a
2918 2368 3206 2437 voluptate
3227 2370 3532 2441 doloreque

1947 2459 2250 2522 eximeret,
2285 2469 2481 2514 natura
2511 2460 2803 2530 pristinam
2849 2462 3154 2531 recipiente
3197 2462 3531 2527 claritatem,

1947 2551 2115 2607 nullis
2151 2567 2340 2607 earum
2370 2567 2555 2607 rerum
2594 2553 2742 2608 notis
2774 2552 3036 2609 fmdatam
3062 2595 3076 2620 ,
3118 2569 3240 2624 qua:
3272 2556 3420 2609 ortui
3468 2571 3534 2609 ac

1949 2644 2199 2699 interitui
2234 2644 2489 2700 obnoxiae
2519 2654 2668 2700 sunt.
2711 2644 2928 2699 Idcirco
2953 2661 3080 2701 cum
3117 2646 3264 2700 Deus
3291 2662 3391 2716 per
3434 2663 3534 2700 na-

1952 2747 2130 2791 turam
2151 2737 2433 2807 perfectus
2454 2747 2622 2803 esset,
2646 2737 2744 2793 Dei
2768 2738 3009 2793 Verbum
3051 2738 3333 2808 perlectus
3363 2739 3533 2793 homo

1949 2826 2030 2893 ﬁt,
2065 2843 2135 2882 ex
2164 2829 2349 2883 anima
2390 2829 2752 2898 intelligente,
2788 2845 2851 2883 ac
2902 2829 3123 2883 mortali
3152 2844 3251 2899 per
3274 2837 3532 2883 naturam

1951 2935 2207 2991 corpore,
2236 2920 2406 2976 simili
2426 2921 2590 2977 nobis
2612 2921 2849 2984 ratione,
2878 2937 2990 2975 uno
3012 2921 3283 2977 duntaxat
3305 2932 3535 2992 peccato

1948 3023 2203 3085 excepto,
2242 3014 2558 3071 consistens
2595 3015 2721 3083 :qui
2771 3030 2891 3069 eam
2922 3013 3148 3083 quidem
3183 3014 3533 3085 voluptatein

1950 3123 2047 3163 seu
2098 3107 2427 3170 libidinem,
2482 3123 2601 3176 quae
2656 3106 2889 3160 inolevit
2920 3120 2989 3161 ex
3040 3106 3482 3175 transgressione
3512 3146 3529 3170 ,

1952 3198 2246 3268 temporali
2277 3198 2452 3268 ipsius
2482 3213 2549 3252 ex
2600 3197 2834 3251 muliere
2871 3195 3150 3251 nativitati
3191 3205 3531 3266 praeeuntem

274 3281 434 3352 λησιν
466 3286 911 3355 προσηκάμενος,
938 3285 1025 3338 ἵνα
1048 3283 1275 3355 πάσχων
1296 3283 1522 3350 ἀδίκως,
1559 3286 1724 3359 ἀνέλῃ
1754 3285 1851 3358 τὴν

1956 3293 2110 3347 nullo
2160 3306 2392 3361 prorsus
2442 3289 2610 3345 modo
2640 3289 2893 3353 haberet,
2932 3288 3154 3344 tametsi
3186 3289 3338 3343 illius
3372 3304 3538 3344 causa

274 3370 337 3437 ἐξ
366 3372 557 3443 ἡδονῆς
589 3373 776 3426 ἀδίκου
819 3374 1192 3443 τυραννοῦσαν
1218 3374 1317 3446 τὴν
1352 3374 1515 3445 φύσιν
1551 3377 1728 3448 ἀρχὴν
1758 3379 1856 3447 τῆς

273 3462 546 3529 γενέσεως
566 3479 581 3494 ο
610 3464 711 3517 οὐκ
737 3465 969 3535 ἔχουσαν
997 3465 1074 3530 ὡς
1106 3466 1265 3537 χρέος
1291 3467 1432 3538 ὑπὲρ
1466 3469 1640 3539 αὐτῆς
1681 3471 1857 3523 ἐκτιν-

274 3554 507 3623 νύμενον
535 3556 677 3609 κατὰ
706 3558 833 3620 τοὺς
862 3557 1061 3621 ἄλλους
1094 3558 1417 3630 ἀνθρώπους
1448 3563 1543 3615 καὶ
1603 3563 1698 3615 τοῦ
1742 3565 1855 3615 Κυ-

277 3644 397 3715 ρίου
427 3644 519 3697 τὸν
544 3646 792 3713 θάνατον,
819 3648 958 3702 ἀλλά
995 3650 1196 3719 μᾶλλον
1224 3650 1342 3703 κατ’
1367 3651 1538 3723 αὐτῆς
1555 3653 1855 3725 προϐεϐλη-

280 3734 439 3803 μένον
458 3750 472 3764 ·
502 3737 599 3790 καὶ
632 3737 694 3789 τὸ
721 3738 809 3792 διά
840 3736 933 3790 τοῦ
967 3738 1199 3792 θανάτου
1242 3740 1453 3794 δίκαιον
1482 3743 1631 3806 τέλος
1657 3746 1859 3814 ἐξαφα-

275 3826 401 3898 νίσῃ
424 3827 524 3896 τῆς
552 3830 791 3896 φύσεως,
821 3831 922 3884 οὐκ
948 3831 1088 3902 ἔχων
1116 3832 1216 3903 τὴν
1244 3832 1311 3885 δι’
1332 3833 1397 3905 ἢν
1419 3834 1731 3907 ἐπεισῆλθε,
1764 3837 1858 3890 καὶ

276 3915 369 3967 ὑπ’
402 3918 569 3971 αὐτοῦ
610 3919 836 3984 δικαίως
889 3923 1333 3995 τιμωρουμένην,
1397 3925 1473 3989 ὡς
1528 3926 1709 3979 αίτίαν
1753 3927 1848 3980 τοῦ

275 4002 418 4060 εἶναι
449 4011 767 4082 παράνομον
799 4012 1011 4085 ἡδονήν.

1959 3387 2243 3440 invectum
2284 3383 2533 3438 dolorem
2569 3423 2583 3446 ,
2616 3382 2711 3452 qui
2742 3392 2956 3437 natura:
2987 3380 3111 3436 ﬁnis
3142 3381 3394 3445 exsistat,
3425 3396 3539 3452 prae

1956 3492 2170 3532 summa
2203 3475 2548 3530 humanitate
2579 3489 2643 3529 ac
2687 3474 3056 3545 benignitate,
3095 3475 3380 3529 voluntate
3421 3474 3539 3543 ipse

1960 3584 2058 3623 sua
2106 3567 2471 3630 admisisset,
2524 3575 2586 3619 ut
2638 3566 2843 3635 injuste
2900 3566 3118 3635 patiens
3158 3565 3536 3635 moriensque,

1962 3658 2194 3727 primam
2234 3673 2301 3711 ex
2335 3657 2525 3726 iniqua
2555 3657 2837 3727 voluptate
2868 3658 3163 3727 originem,
3196 3666 3450 3711 naturam
3484 3658 3539 3712 vi

1960 3749 2389 3819 Opprimentem,
2413 3748 2772 3819 'proﬁigaret;
2802 3764 2923 3819 quae
2946 3749 3179 3814 scilicet,
3216 3751 3443 3819 perinde
3476 3767 3539 3805 ac

1962 3842 2308 3912 reliquorum
2340 3841 2627 3895 hominum
2654 3882 2667 3906 ,
2721 3840 2801 3896 sic
2828 3850 2885 3896 et
2917 3841 3133 3896 Domini
3166 3851 3400 3896 mortem
3438 3857 3539 3912 pro

1964 3948 2031 3989 ea
2061 3932 2356 3987 obnoxiam
2397 3946 2463 3986 ac
2496 3932 2650 3986 velut
2682 3947 2750 3986 ex
2784 3932 2973 3987 debito
3005 3932 3322 3987 solvendam
3350 3972 3366 3999 ,
3427 3950 3540 3987 non

1958 4026 2224 4089 haberet;
2254 4024 2353 4079 sed
2379 4040 2500 4094 quae
2526 4025 2709 4094 potius
2738 4026 2816 4079 illi
2839 4024 3076 4079 adversa
3097 4033 3268 4088 esset,
3293 4026 3538 4096 justum—

274 4115 384 4168 que
424 4104 627 4163 mortis,
658 4102 979 4161 interitione
1025 4114 1239 4162 naturae
1272 4106 1437 4163 ﬁnem
1490 4110 1773 4178 aboleret;
1805 4114 1894 4170 cui
1929 4117 2193 4172 nimirum
2243 4116 2432 4186 iniqua
2466 4118 2724 4187 voluptas
2746 4132 2810 4171 ac
2840 4117 3035 4182 libido,
3061 4116 3220 4187 cujus
3242 4117 3335 4171 ille
3357 4119 3539 4187 gratia

276 4199 527 4265 inolevit,
554 4216 619 4257 ac
654 4216 820 4270 quam
882 4202 1029 4273 juste
1068 4203 1404 4270 ulciscatur,
1475 4214 1536 4260 ut
1576 4222 1689 4261 sum
1721 4218 1917 4266 auctor
1951 4212 2184 4284 originis
2224 4212 2457 4267 minime
2490 4220 2831 4282 suppeteret.

353 4299 426 4362 μ’.
470 4294 617 4347 Ἔδει
645 4294 721 4358 ὡς
753 4295 993 4366 ἀληθῶς,
1039 4296 1170 4364 ἔδει,
1206 4299 1368 4367 σοφὸν
1404 4300 1498 4353 καὶ
1526 4301 1732 4356 δίκαιον
1764 4306 1855 4357 καὶ

285 4386 514 4439 δυνατὸν
542 4386 672 4441 ὄντα
700 4389 844 4442 κατά
869 4392 1037 4457 φύσιν
1064 4390 1155 4444 τὸν
1182 4391 1409 4463 Κύριον,
1432 4393 1508 4457 ὡς
1542 4395 1641 4464 μὲν
1668 4398 1852 4466 σοφὸν,

2034 4307 2123 4363 40.
2152 4307 2397 4364 Decebat
2440 4309 2602 4378 plane
2654 4323 2718 4363 ac
2772 4324 2873 4378 par
2903 4316 3043 4371 erat,
3081 4307 3402 4373 Dominum,
3442 4310 3539 4379 qui

1960 4424 2062 4479 per
2087 4417 2340 4463 naturam
2375 4408 2617 4478 sapiens,
2654 4410 2949 4478 justusque
2975 4424 3038 4462 ac
3063 4416 3262 4479 potens
3287 4412 3535 4475 exsistat,

278 4476 357 4571 μὴ
392 4476 657 4571 ἀγνοῆσαι
693 4480 787 4533 τὸν
834 4482 1037 4552 τρόπον
1077 4482 1178 4553 τῆς
1214 4486 1485 4555 ίατρείας·
1529 4490 1604 4553 ὡς
1654 4491 1853 4546 δίκαιον

1965 4510 2025 4556 ut
2060 4501 2287 4571 quidem
2319 4501 2647 4571 sapientem,
2684 4517 2797 4555 non
2834 4504 3056 4558 nescire
3086 4505 3391 4559 curationis
3418 4522 3538 4560 mo-

275 4568 358 4629 δέ,
408 4570 482 4638 μὴ
540 4570 872 4642 τυραννικὴν
917 4574 1247 4644 ποιήσασθαι
1282 4576 1377 4630 τοῦ
1417 4580 1855 4652 κατειλημμένου

277 4659 423 4711 κατά
456 4660 682 4731 γνώμην
719 4662 825 4714 ὑπὸ
854 4662 955 4733 τῆς
997 4665 1272 4736 ἁμαρτίας
1299 4667 1588 4739 ἀνθρώπου
1618 4673 1717 4742 τὴν
1750 4690 1854 4726 σω-

278 4749 477 4818 τηρίαν
500 4768 513 4781 ο
544 4752 620 4816 ὡς
648 4752 705 4806 δέ
732 4754 915 4807 πάντα
964 4755 1279 4827 δυνάμενον,
1307 4759 1383 4832 μὴ
1417 4763 1675 4834 ἀτονῆσαι
1720 4767 1855 4836 πρὸς

277 4842 381 4911 τὴν
410 4843 507 4911 τῆς
547 4846 789 4916 ἰατρείας
819 4849 1191 4921 ἐκπλήρωσιν.

360 4941 467 5003 μα’.
508 4937 583 4989 Τὸ
618 4939 719 5007 μὲν
749 4939 912 5007 σοφὸν
941 4940 1036 4994 τοῦ
1080 4941 1237 5007 Θεοῦ,
1272 4944 1330 4997 ἐν
1362 4943 1441 5016 τῷ
1477 4946 1725 5015 γενέσθαι
1759 4950 1857 5017 φύ-

284 5044 371 5080 σει
412 5031 533 5081 κατ’
569 5029 835 5100 ἀλήθειαν
874 5030 1189 5103 ἄνθρωπον.
1229 5036 1537 5092 δείκνυται*
1588 5040 1648 5093 τὸ
1691 5040 1747 5093 δέ
1780 5043 1860 5094 δί-

282 5136 460 5185 καιον,
488 5121 544 5172 ἐν
595 5121 673 5192 τῷ
709 5123 770 5175 τὸ
808 5123 1049 5195 παθητὸν
1094 5126 1234 5181 κατὰ
1277 5128 1376 5198 τὴν
1404 5129 1620 5197 γένεσιν
1655 5133 1859 5202 ὁμοίως

281 5214 415 5282 ἡμῖν
448 5214 798 5285 ἀνειληφέναι
832 5217 931 5286 τῆς
959 5215 1173 5285 φύσεως
1196 5234 1211 5249 θ
1241 5217 1302 5272 τὸ
1335 5219 1391 5272 δέ
1423 5220 1666 5287 δυνατὸν,
1699 5225 1755 5276 ἐν
1780 5224 1858 5295 τῷ

1964 4594 2140 4648 dum:
2177 4602 2241 4649 ut
2269 4603 2453 4649 autem
2503 4596 2738 4665 justum,
2788 4612 2900 4651 non
2954 4597 3006 4650 vi
3049 4596 3252 4666 palam,
3297 4599 3539 4653 hominis

1964 4697 2063 4736 sua
2084 4681 2371 4737 voluntate
2403 4692 2629 4752 peccato
2660 4684 2791 4739 facti
2817 4685 3072 4750 obnoxii,
3128 4686 3362 4742 salutem
3396 4704 3542 4758 pra:-

1962 4783 2110 4828 stare
2142 4792 2155 4827 :
2185 4782 2353 4844 atque
2382 4784 2443 4829 ut
2466 4777 2926 4843 omnipotentem,
2950 4777 3274 4845 complenda
3305 4779 3540 4835 sanitate

1964 4879 2074 4919 non
2113 4864 2373 4921 deﬁcere.

2033 4955 2122 5009 41.
2161 4956 2258 5010 Dei
2295 4957 2522 5025 quidem
2567 4959 2837 5027 sapientia
2886 4960 2940 5014 in
2997 4976 3065 5016 eo
3106 4963 3336 5029 elucet,
3392 4965 3538 5033 quod

1963 5062 2092 5101 vcre
2119 5057 2316 5103 natura
2344 5048 2523 5105 factus
2558 5052 2630 5104 sit
2656 5051 2822 5107 homo
2870 5072 2883 5107 :
2918 5055 3133 5124 justitia
3160 5071 3294 5111 vero
3319 5098 3335 5121 ,
3390 5059 3537 5128 quod

1962 5138 2128 5192 simili
2164 5140 2325 5194 nobis
2355 5143 2570 5197 ratione
2595 5154 2805 5199 naturae
2832 5147 2941 5199 vim
2969 5148 3251 5217 patibilem
3275 5159 3399 5204 ortu
3438 5166 3539 5204 suo

1964 5232 2326 5300 assumpserit
2361 5250 2374 5285 :
2413 5236 2659 5302 potentia
2694 5235 2957 5307 denique,
3005 5240 3149 5308 quod
3184 5243 3538 5311 passionibus

359 5356 375 5373 ⁶
402 5352 503 5423 Qq.
535 5355 601 5409 ad
633 5354 851 5409 Thalas.
880 5371 935 5426 q.
963 5355 1052 5421 61,
1082 5356 1395 5429 παθούσης’
1422 5362 1569 5429 quod
1600 5370 1655 5417 et
1683 5364 1997 5435 legendum.

363 5466 436 5537 (τι)
484 5467 597 5535 Τῆς
635 5467 903 5533 ἀπαθοῦς
930 5470 1191 5537 φύσεως.
1240 5470 1330 5527 Sic
1360 5472 1506 5527 dicta
1541 5473 1597 5527 in
1633 5473 1854 5531 Christo

282 5547 516 5613 natura,
556 5539 744 5613 sicque
789 5549 1184 5606 repraesentant
1249 5543 1409 5613 codd.
1473 5553 1637 5613 atque
1682 5546 1850 5610 edita,

284 5606 381 5661 cui
405 5608 629 5681 proinde
648 5606 806 5681 labor
829 5618 993 5681 atque
1027 5626 1193 5675 mors,
1226 5612 1409 5675 ἄδικος
1427 5606 1562 5681 ὁμοῦ
1588 5615 1683 5667 καὶ
1699 5606 1854 5669 dmi;

284 5694 414 5754 τιος.
439 5677 597 5733 foret.
638 5678 750 5754 sed
775 5677 916 5754 mihi
940 5680 1084 5754 istu_d
1110 5682 1304 5736 durius
1334 5699 1382 5754 εχ
1401 5677 1560 5754 longe
1588 5701 1718 5739 vero
1752 5703 1852 5740 ex-

286 5746 530 5825 peditius
561 5749 707 5825 ῳ]οά
739 5749 1001 5825 habetur,
1028 5750 1222 5825 Quwst.
1255 5754 1324 5806 ad
1345 5746 1657 5825 ΤΙιαίΪπρὸς
1686 5757 1852 5809 ὲπαν..

288 5816 523 5885 όρθωσιν
573 5816 669 5887 τῆς
710 5819 987 5889 παθούσης
1027 5824 1239 5889 φύσεως
1276 5840 1290 5854 ⁸
1333 5825 1477 5893 quod
1522 5816 1577 5881 et
1612 5816 1843 5883 reddidi.

612 5913 877 5973 ΡΑτιιοι.
925 5914 1019 5972 (in
1078 5915 1195 5975 XC.

2077 5496 2227 5564 certe
2252 5484 2677 5564 tota-laborabat
2698 5497 2915 5550 natura,
2961 5498 3183 5559 totaque
3213 5498 3538 5564 reparanda,

1959 5552 2163 5633 Christi
2208 5557 2495 5633 laboribus
2543 5567 2597 5633 et
2639 5567 2813 5633 morte
2842 5575 2970 5633 _non
3020 5552 3229 5633 natura:
3266 5552 3536 5633 inuno-3,4;

1959 5626 2107 5693 quod
2137 5642 2238 5703 nec
2263 5626 2494 5703 ipsa_sic
2530 5627 2781 5703 absolute
2825 5628 3041 5683 dicatur
3072 5630 3277 5686 Christi
3318 5626 3536 5703 natura,

1958 5697 2168 5769 quatit?)
2200 5696 2438 5769 παθητὸν
2458 5698 2649 5769 carnis
2695 5698 2939 5763 haberet,
2976 5704 3333 5769 quantumvis
3394 5696 3536 5765 esset

1958 5766 2194 5839 ἀπαθὴς,
2231 5767 2376 5836 quod
2405 5767 2471 5820 ad
2500 5769 2691 5823 vitium
2716 5770 2914 5824 attinet
2934 5766 3257 5840 ac'culpam.

3148 5930 3223 5988 1:2
