4184 6436
722 383 858 452 1323

1885 381 1945 442 S.
1985 380 2274 440 MAXIM]
2317 381 2828 446 (IONFESSORIS

3866 393 3999 460 1326

717 513 780 554 ac
815 506 1012 554 morte.
1049 496 1443 566 sempiternam
1487 503 1701 549 natura:
1747 492 1918 548 vitam
1967 494 2282 566 impatibili

2400 495 2489 547 διὰ
2525 495 2873 564 παθημάτων
2903 496 2999 550 καὶ
3029 496 3291 563 Θανάτου,
3324 497 3471 571 ζωὴν
3523 502 3700 558 ἀΐδιον
3729 508 3801 578 τῇ
3840 511 3999 577 φύσει

720 600 996 659 tatemque
1036 586 1433 642 immutabilem
1467 586 1803 642 condiderit.

785 700 877 754 42.
917 696 1213 767 Sapientim
1258 696 1485 766 quidem
1516 694 1785 751 Dominus
1834 694 1983 750 clare
2014 694 2297 764 specimen

714 789 991 851 exhibuit,
1028 789 1082 842 in
1136 789 1444 845 curationis
1489 788 1675 851 modo.
1712 788 1853 843 citra
1897 801 2118 841 omnem
2170 800 2297 838 mn-

714 882 977 937 tationem
1010 895 1073 935 ac
1110 882 1195 936 vel
1225 882 1512 936 minimam
1538 880 1625 936 sui
1651 881 1853 944 labem,
1878 879 2059 935 factus
2090 879 2291 933 homo:

706 975 939 1044 justitia:
970 990 1104 1030 vero
1128 975 1499 1044 aequalitatem
1524 973 1810 1044 prodidit,‘
1828 973 1884 1027 in
1918 971 2295 1026 inclinationis

711 1066 880 1136 inque
903 1080 1016 1122 rem
1039 1073 1284 1120 nostram
1310 1064 1667 1119 demissionis
1696 1062 2075 1133 magnitudine
2100 1078 2116 1129 ;
2139 1077 2297 1116 nern-

709 1172 780 1228 pe
800 1172 924 1225 qua
959 1157 1015 1210 in
1044 1165 1257 1211 natura:
1290 1154 1452 1226 595
1493 1163 1651 1225 parte
1700 1154 1916 1225 patibili
1958 1162 2045 1210 est
2094 1161 2293 1224 sponte

709 1248 940 1306 subiens
969 1247 1405 1312 damnationem,
1436 1262 1669 1317 eamque
1697 1246 1766 1301 ad
1802 1246 2137 1302 abolendum
2161 1260 2289 1315 pec—

708 1350 916 1404 catum,
949 1353 1015 1394 ac
1049 1354 1172 1410 qua:
1195 1355 1263 1395 ex
1287 1340 1382 1394 illo
1409 1349 1517 1403 est,
1565 1349 1825 1403 mortem,
1874 1339 1930 1393 in
1970 1353 2123 1395 arma
2169 1352 2295 1392 ver-

708 1441 830 1486 tens
852 1430 1228 1502 (abolendam,
1250 1431 1494 1502 inquam,
1509 1432 1851 1501 voluptatem
1864 1444 1962 1486 seu
1976 1429 2288 1493 libidinem,

711 1538 797 1588 ac,
840 1524 936 1593 qui
979 1531 1206 1593 propter
1231 1538 1355 1578 eam
1408 1523 1675 1587 inolevit,
1730 1522 1999 1593 dolorem)
2034 1540 2047 1576 :
2086 1523 2141 1577 in
2182 1538 2291 1593 qua

706 1615 970 1670 nimirum
1002 1615 1182 1687 (parte
1211 1615 1476 1670 nimirum
1524 1614 1766 1684 patibili)
1817 1614 2029 1685 peccati
2064 1614 2181 1680 vis,
2225 1628 2292 1669 ac

704 1706 905 1761 mortis
941 1705 1283 1771 exsistebat;
1310 1720 1396 1769 ac,
1441 1720 1565 1774 qua:
1589 1705 1873 1775 voluptate
1907 1720 2004 1760 seu
2033 1704 2287 1770 libidine,

703 1797 919 1867 peccati
974 1797 1226 1868 tyrannis
1275 1797 1627 1863 concrescit;
1672 1813 1892 1852 necnon
1931 1799 2092 1868 cujus
2131 1807 2286 1853 reatu

2403 585 2812 660 δημιουργῆσαι
2852 592 2947 645 καὶ
2972 592 3246 648 ἀπάθειαν
3267 593 3562 667 ἄτρεπτον.

2474 700 2584 771 μβ¹.
2627 702 2733 755 Τὸν
2773 702 2875 773 μὲν
2902 704 3002 775 τῆς
3031 709 3227 776 σοφίας
3262 708 3443 777 λόγον,
3474 712 3534 764 ὲν
3566 711 3647 782 τῷ
3676 716 3874 785 τρόπῳ
3902 709 4000 781 τῆς

2403 793 2671 862 ἰατρείας,
2702 797 2938 868 φανερὸν
2980 798 3010 849 ό
3047 797 3252 868 Κύριος
3292 801 3545 871 ἐποίησε.
3577 804 3758 873 χωρὶς
3786 798 3997 877 ’τροπῆς

2399 884 2496 936 καὶ
2524 887 2626 954 τῆς
2656 887 2877 941 οἱασοῦν
2928 888 3292 954 ἀλλοιώσεως,
3334 893 3632 963 γενόμενος
3665 895 3961 966 ἄνθρωπος
3980 912 3994 925 ·

2397 976 2498 1046 τὴν
2536 977 2760 1047 ἰσότητα
2791 978 2849 1032 δὲ
2895 980 2994 1051 τῆς
3025 982 3398 1052 δικαιοσύνης,
3431 986 3491 1038 ἐν
3516 984 3598 1057 τῷ
3639 987 3872 1055 μεγέθει
3904 991 3996 1058 τῆς

2399 1068 2865 1137 συγκαταὸἀσεως
2893 1069 3087 1137 ἔδειξε,
3120 1074 3180 1126 τὸ
3208 1075 3269 1128 ἐν
3296 1074 3376 1146 τῷ
3407 1076 3644 1148 παθητῷ
3675 1079 3999 1150 κατάκριμα

2400 1159 2501 1229 τῆς
2529 1160 2767 1230 φύσεως,
2795 1162 2939 1215 κατὰ
2972 1164 3197 1235 θέλησιν
3236 1166 3460 1231 ὑποδὺς.
3498 1170 3731 1223 κάκεῖνο
3764 1171 3996 1241 ποιήσας

2395 1250 2561 1305 ὅπλον
2608 1253 2749 1325 πρὸς
2783 1254 2888 1325 τὴν
2913 1258 3016 1328 τῆς
3046 1256 3327 1328 ἁμαρτιας
3356 1259 3646 1330 άναίρεσιν
3680 1260 3784 1315 καὶ
3817 1261 3913 1315 τοῦ
3931 1262 3997 1315 δι’

2393 1344 2564 1415 αὐτὴν
2588 1345 2853 1413 Θανάτου,
2885 1349 3138 1403 τουτέστι
3169 1353 3270 1419 τῆς
3302 1351 3501 1422 ἡδονῆς
3537 1353 3636 1406 καὶ
3665 1353 3772 1423 τῆς
3808 1354 3878 1407 δι’
3904 1355 3995 1408 αὐ-

2393 1436 2492 1507 τὴν
2524 1438 2743 1510 ὀδύνης,
2778 1440 2838 1495 έν
2867 1433 2912 1510 ᾧ
2936 1442 3040 1510 τῆς
3081 1442 3363 1516 ἁμαρτίας
3391 1445 3608 1516 ὑπῆρχε
3644 1445 3748 1499 καὶ⁷
3777 1445 3877 1499 τού
3907 1445 3999 1500 θα.

2392 1526 2555 1580 νάτου
2582 1528 2645 1580 τὸ
2678 1530 2902 1600 κράτος,
2933 1532 3030 1585 καὶ⁸
3060 1532 3094 1603 ὴ
3130 1533 3273 1587 κατὰ
3298 1535 3401 1606 τὴν
3428 1536 3630 1607 ἡδονὴν
3676 1537 3782 1608 τῆς
3813 1537 3996 1609 ἀμαρο

2391 1620 2516 1685 τίας
2547 1622 2832 1690 τυραννὶς,
2867 1624 2966 1677 καὶ
3000 1626 3035 1695 ἠ
3064 1624 3132 1677 δι’
3161 1625 3337 1697 αὐτὴν
3369 1628 3515 1682 κατὰ
3543 1630 3647 1700 τὴν
3673 1628 3877 1700 ὀδύνην
3901 1628 3994 1683 τοῦ

2392 1710 2625 1767 Θανάτου
2662 1714 2976 1770 δυναστεία.
3023 1716 3112 1770 Ἐν
3144 1717 3258 1789 γὰρ
3301 1718 3382 1790 τῷ
3425 1721 3662 1792 παθητῷ
3707 1723 3996 1795 προδήλως

2392 1802 2630 1876 ὑπάρχει
2666 1806 2767 1877 τῆς
2798 1807 3041 1875 φύσεως,
3078 1811 3142 1863 τὸ
3179 1811 3282 1882 τῆς
3311 1812 3507 1883 ἡδονῆς
3539 1815 3752 1887 κράτος
3792 1817 3892 1871 καὶ
3934 1818 3999 1869 τὸ

703 1904 805 1959 per
829 1888 1078 1943 dolorem
1114 1886 1281 1960 atque
1314 1905 1612 1954 aerumnas,
1652 1891 1848 1944 mortis
1876 1900 2122 1961 potestas
2150 1906 2282 1945 con-

2388 1894 2490 1965 τῆς
2511 1874 2734 1967 όδύνηςξ
2771 1874 2885 1951 Καὶ
2914 1874 3033 1969 γάρ
3062 1917 3181 1966 πως
3214 1874 3543 1973 recessi};
3576 1874 3750 1958 πλέον
3769 1908 3835 1959 τὸ
3854 1911 3999 1961 κατὰ

704 1979 955 2035 valescit.
984 1980 1150 2035 Plane
1177 1980 1324 2035 enim
1356 1980 1656 2051 voluptatis
1681 1980 2003 2051 dolorisque
2035 1980 2287 2036 domina-

705 2068 783 2123 tio
811 2083 875 2123 ac
905 2068 1096 2132 robur,
1124 2070 1181 2124 in
1207 2079 1419 2124 natura
1444 2079 1600 2139 parte
1643 2069 1859 2139 patibili
1903 2070 2139 2125 exsistit.
2173 2071 2284 2125 Na-

702 2160 900 2215 turalis
932 2160 1138 2231 quippe
1175 2159 1384 2216 doloris
1414 2175 1633 2231 paenam
1669 2159 2056 2215 vehementius
2105 2160 2286 2215 inten-

701 2266 820 2307 sam
854 2252 1143 2323 voluptate
1178 2252 1347 2307 solari
1397 2250 1807 2322 quodammodo
1855 2252 2107 2308 nitimur.
2143 2252 2283 2307 Dum

702 2358 944 2414 namque
971 2344 1265 2399 molestum
1294 2342 1507 2398 doloris
1549 2357 1774 2399 sensum
1824 2343 2076 2414 mitigare
2120 2345 2281 2398 volu-

706 2446 851 2496 mus,
884 2431 953 2487 ad
984 2432 1322 2501 voluptatem
1349 2429 1702 2501 confugimus
1728 2470 1743 2494 ,
1772 2429 1826 2485 id
1869 2433 2146 2486 enitentes
2170 2470 2184 2496 ,
2227 2438 2289 2486 ut

701 2532 956 2579 naturam
1004 2523 1218 2578 doloris
1265 2522 1482 2594 ﬂagello
1512 2538 1870 2594 Oppressam,
1906 2523 2055 2578 illius
2089 2524 2288 2578 solatio

701 2617 971 2671 levemus.
1015 2616 1123 2671 Sed
1158 2616 1291 2671 dum
1341 2615 1554 2671 doloris
1598 2616 1824 2671 aculeos
1868 2615 2170 2685 voluptatis
2209 2618 2288 2672 le-

700 2709 925 2763 nocinio
949 2706 1171 2764 mollire
1217 2709 1518 2778 satagimus
1545 2722 1610 2765 ac
1648 2706 1946 2764 retundere
1967 2746 1982 2771 ,
2030 2708 2154 2780 ejus
2182 2707 2283 2763 ad-

2392 1983 2556 2053 φύσιν
2589 1986 2997 2060 ἐπιτεινόμενον
3037 1993 3364 2065 πρόστιμον,
3395 1994 3487 2050 διὰ
3519 1996 3622 2068 τῆς
3665 1998 3873 2069 ἡδονῆς
3900 1999 3998 2053 αὖ·

2390 2075 2489 2147 τὴν
2519 2080 2967 2149 παραμυθεῖσθαι
3006 2083 3417 2158 σπουδάζομενο
3448 2088 3703 2154 θέλοντες
3740 2090 3854 2162 γὰρ
3901 2092 3999 2146 ἐκ.

2392 2169 2585 2237 φυγεῖν
2611 2170 2711 2240 τὴν
2739 2173 2882 2227 κατὰ
2903 2174 3003 2245 τὴν
3027 2175 3224 2248 ὀδύνην
3245 2178 3506 2234 ἐπίπονον
3530 2181 3813 2253 αῐσθησιν,
3852 2182 3997 2254 πρὸς

2389 2259 2490 2328 τὴν
2538 2260 2733 2332 ἡδονὴν
2771 2266 3220 2339 καταφεύγομεν,
3248 2269 3330 2342 τῷ
3358 2272 3463 2342 τῆς
3496 2273 3694 2344 ὀδύνης
3735 2275 3997 2347 αἰκισμῷ

2391 2352 2723 2425 πιεζομένην
2764 2355 2864 2427 τὴν
2926 2357 3111 2427 φύσιν,
3166 2362 3582 2434 ἐπιχειροῦντες
3633 2366 3996 2438 παραμυθεῖ-

2392 2444 2538 2499 σθαι.
2579 2448 2915 2515 Σπεύδοντες
2952 2452 3011 2506 δὲ
3055 2453 3146 2507 διὰ
3188 2455 3291 2523 τῆς
3331 2456 3531 2528 ἡδονῆς
3560 2459 3631 2513 τὰ
3651 2460 3756 2529 τῆς
3788 2461 3997 2529 ὀδύνης

2385 2535 2661 2606 ἀμϐλῦναι
2711 2543 3012 2613 κινήματα,
3066 2545 3232 2601 πλέον
3284 2548 3457 2619 αὐτῆς
3503 2549 3567 2603 τὸ
3618 2551 3743 2604 καθ’
3770 2553 3995 2605 ἑαυτῶν

2384 2627 2758 2700 ὲπικυροῦμεν
2793 2634 3184 2706 χειρόγραφον,
3225 2638 3422 2710 ὀδύνης
3470 2641 3566 2694 καὶ
3615 2643 3799 2696 πόνων
3836 2645 3996 2714 ἔχειν

2385 2714 2485 2787 τὴν
2510 2718 2709 2790 ἡδονὴν
2732 2722 3147 2798 ἀπολελυμένην
3175 2728 3239 2782 οὐ
3268 2729 3584 2802 δυνάμενοι.

699 2812 923 2851 versum
959 2812 1058 2852 nos
1090 2797 1521 2869 chirographmn
1542 2798 1719 2869 nugis
1770 2796 2191 2864 conﬁrmamus,
2252 2804 2352 2872 qui
2389 2808 2672 2880 voluptate
2705 2849 2721 2879 ,
2778 2812 2970 2871 dolore
3027 2796 3112 2873 ae
3146 2796 3435 2878 laborum;
3488 2824 3669 2880 solut.
3711 2824 3828 2881 [mi
3878 2841 3989 2882 ne.

698 2903 990 2958 queamus.

768 3023 861 3079 45.
890 3022 1225 3079 Excellentis
1259 3031 1445 3078 autem
1479 3024 1749 3094 potentia:
1788 3025 1900 3080 vim
1941 3025 2154 3097 liquido
2182 3042 2276 3083 os-

2456 3031 2566 3127 μγ’.
2596 3034 2708 3106 Τὴν
2737 3036 2796 3090 δὲ
2847 3042 2947 3111 τῆς
2989 3041 3441 3117 ὑπερϐαλλούσης
3492 3050 3781 3121 δυνάμεως
3823 3057 3994 3127 ἰσχὺν

701 3115 902 3181 tendit,
937 3114 1086 3185 quod
1112 3130 1211 3185 per
1234 3130 1299 3170 ea
1328 3116 1629 3181 contraria,
1680 3132 1802 3187 qua:
1830 3116 1948 3188 ipse
1971 3134 2276 3189 perpessus

2387 3125 2539 3197 δῆλον
2574 3128 2901 3201 κατέστησε,
2951 3131 3060 3185 τῶν
3094 3131 3176 3200 οἷς
3216 3114 3659 3213 αὐτὸς-ἔπασχεν
3689 3114 3989 3211 ἐναντίων,

698 3215 808 3270 est,
835 3204 1237 3262 immutabilem
1280 3215 1494 3261 naturae
1527 3208 1841 3277 genituram
1880 3217 2177 3280 ortumque
2222 3225 2282 3265 ac

2390 3218 2705 3290 ὑποστήσας
2729 3224 2797 3292 τῇ
2826 3222 2989 3292 φύσει
3015 3225 3115 3298 τὴν
3138 3227 3358 3295 γένεσιν
3383 3204 3658 3304 ἄτρεπτον
3689 3252 3709 3267 ·
3747 3237 3843 3292 διὰ
3879 3204 3993 3295 nd;

701 3297 1074 3353 substantiam
1107 3297 1380 3353 condidit.
1416 3298 1522 3354 Per
1553 3299 1867 3369 passionem
1890 3301 2064 3366 enim,
2091 3302 2282 3356 immu-

2393 3308 2519 3372 θους
2548 3311 2660 3381 γάρ
2688 3313 2789 3398 τὴν
2813 3297 3104 3380 ἀπάθειαν,
3138 3319 3236 3372 καὶ
3278 3321 3369 3375 διὰ
3631 3328 3732 3396 τὴν
3768 3330 3991 3398 ἄνεσιν,

697 3405 799 3446 nes
826 3405 949 3469 esse
977 3406 1007 3444 a
1035 3391 1322 3460 passione;
1349 3406 1449 3460 per
1481 3391 1723 3456 labores,
1758 3393 2147 3449 remissionem
2178 3412 2193 3461 ;
2223 3410 2282 3451 ac

2390 3401 2487 3454 καὶ⁸
2511 3402 2601 3457 διὰ
2656 3390 2891 3459 θανάτου
2937 3409 3038 3480 τὴν
3079 3411 3253 3466 ἀΐδιον
3295 3412 3440 3485 ζωὴν
3488 3421 3556 3489 τῇ
3606 3390 3773 3487 φύσει
3830 3390 3990 3490 δοὺς,

698 3496 800 3551 per
831 3488 1094 3543 mortem,
1120 3481 1516 3551 sempiternam
1552 3489 1768 3537 natura:
1808 3483 2060 3538 tribuens
2087 3484 2282 3550 vitam,

2390 3492 2557 3549 πάλιν
2597 3495 3013 3566 ἀποκατέστησε
3041 3518 3055 3532 ο
3104 3507 3229 3568 ταῖς
3280 3506 3478 3561 ἑαυτοῦ
3536 3514 3995 3585 καταστερήσεσι

698 3571 935 3643 pristina
969 3570 1237 3627 felicitate
1283 3572 1562 3640 restituit;
1616 3575 1821 3644 quibus
1863 3576 1981 3645 ipse
2028 3576 2282 3646 penuriis

2387 3584 2487 3648 τὰς
2506 3584 2650 3653 ἕξεις
2678 3588 3036 3657 ἁνακαινίσας
3069 3594 3168 3666 τῆς
3192 3595 3429 3666 φύσεως,
3462 3602 3557 3655 καὶ
3583 3601 3673 3656 διὰ
3702 3570 3805 3676 τῆς
3846 3570 3994 3672 ἰδίας

698 3667 1010 3732 laboravit,
1043 3675 1256 3722 natura:
1279 3666 1501 3722 habitus
1540 3667 1898 3732 instaurans;
1939 3681 2004 3722 ac
2032 3683 2141 3737 qua
2167 3682 2282 3722 ear-

2390 3678 2747 3772 σαρκώσεως,
2774 3684 2884 3772 τὴν
2924 3685 3067 3757 ὑπὲρ
3095 3688 3259 3757 φύσιν
3298 3691 3462 3763 χάριν
3482 3666 3893 3768 δωρησάμενος
3918 3666 3992 3772 τῇ

698 3775 827 3816 nem
857 3758 1058 3824 induit,
1103 3769 1317 3813 natura:
1350 3759 1462 3813 vim
1492 3773 1712 3814 omnem
1757 3766 2117 3829 superantem
2161 3774 2282 3829 gra-

2387 3765 2572 3836 φύσει,
2601 3768 2703 3839 τὴν
2727 3769 2942 3826 θέωσιν.

700 3853 831 3907 tiam
871 3852 949 3923 (id
972 3861 1078 3917 est,
1103 3848 1539 3922 deiﬁcationem)
1569 3858 1782 3906 natura:
1804 3850 2037 3906 donans.

767 3969 856 4022 44.
896 3968 1043 4023 Deus
1064 3983 1196 4023 vere
1222 3966 1400 4022 factus
1424 3972 1512 4022 est
1532 3965 1723 4030 homo,
1742 3965 2019 4036 aliamque
2046 3965 2278 4022 secundi

2460 3944 2563 4016 μδ¹.
2596 3948 2828 4016 Γέγονεν
2851 3952 2881 4005 ὁ
2905 3952 3040 4017 Θεὸς
3077 3960 3199 4010 κατ’
3231 3957 3491 4031 ἀλήθειαν
3522 3965 3840 4036 ἄνθρωπος,
3889 3972 3991 4027 καὶ

699 4068 856 4114 ortus
885 4068 1096 4114 natura:
1134 4059 1288 4114 dedit
1321 4058 1593 4129 originem
1616 4074 1631 4124 ;
1654 4073 1777 4128 qua:
1802 4056 2014 4112 scilicet
2037 4072 2068 4112 a
2094 4057 2282 4114 labore

2387 4036 2615 4129 δέδωκεν
2637 4040 2808 4114 ἄλλην
2833 4044 3012 4116 ἀρχὴν
3038 4050 3108 4120 τῇ
3153 4048 3316 4118 φύσει
3364 4052 3622 4127 δευτέρας
3677 4061 3987 4129 γενέσεως,

699 4159 899 4221 erepta,
944 4149 1001 4205 in
1041 4150 1241 4205 futura:
1272 4127 1686 4204 vitae'deliciasi
1711 4147 1953 4203 desinat.
2004 4146 2282 4215 Quemad-

2387 4127 2471 4182 διὰ
2510 4131 2677 4225 πόνου
2718 4134 2858 4225 πρὸς
2883 4135 3079 4225 ἡδονὴν
3109 4140 3414 4214 μελλούσης
3443 4145 3588 4218 ζωῆς
3621 4127 3988 4225 καταλήγοῶ

698 4219 923 4295 nio—dum
947 4241 1101 4297 enim
1129 4240 1345 4311 primus
1377 4254 1577 4310 parens
1611 4236 1879 4301 Adamus,
1910 4236 2058 4307 quod
2104 4236 2280 4292 divini

2387 4234 2510 4273 σαν.
2671 4222 2781 4294 γὰρ
2829 4224 3003 4296 ’Δδὰμ
3030 4226 3060 4279 ό
3092 4230 3398 4300 προπάτωρ
3427 4234 3526 4305 τὴν
3557 4235 3709 4291 θείαν
3749 4219 3987 4313 ἐντολὴν

698 4334 940 4389 mandati
975 4331 1438 4403 transgressione,
1472 4331 1635 4385 aliam
1662 4346 1730 4387 ex
1769 4315 2058 4400 voluptate
2106 4344 2172 4384 ac
2207 4329 2279 4383 li-

696 4425 885 4481 bidine
920 4425 1215 4497 originem,
1260 4422 1557 4494 interjecto
1586 4421 1776 4478 labore
1819 4429 1987 4493 atque
2033 4436 2278 4477 aerumna

697 4519 754 4573 in
790 4526 1027 4573 mortem
1081 4516 1428 4571 desinentem
1456 4554 1470 4579 ,
1522 4522 1725 4584 praeter
1767 4529 1888 4569 eam
1929 4528 2052 4583 qua:
2095 4514 2276 4583 primo

692 4610 922 4664 condita
975 4607 1177 4669 fuerat,
1216 4606 1474 4675 sequiore
1506 4605 1737 4659 consilio
1786 4605 2112 4669 invexerat;
2154 4618 2273 4659 ser-

694 4700 988 4770 pentisque
1031 4713 1199 4753 suasu
1261 4698 1600 4767 voluptatem
1630 4737 1643 4761 ,
1698 4710 1820 4766 qua:
1871 4697 2134 4750 anteriori
2193 4697 2272 4750 la-

694 4791 817 4846 bori
873 4807 983 4847 non
1018 4788 1348 4844 antecederet
1378 4827 1394 4853 ,
1444 4785 1541 4843 sed
1570 4802 1692 4858 qua:
1724 4788 1841 4858 ipsa
1869 4787 2055 4858 potius
2103 4788 2158 4842 in
2194 4788 2274 4843 la-

695 4884 885 4938 borem
920 4894 1336 4945 mrumnamque
1364 4878 1611 4943 cederet,
1641 4880 2025 4943 adinvenerat,
2078 4893 2273 4935 omnes

692 4987 761 5026 ex
785 4972 906 5041 ipso
931 4986 1097 5027 carne
1133 4970 1211 5024 illi
1242 4969 1409 5025 simili
1435 4978 1786 5041 propagatos,
1817 4969 1890 5024 ob
1927 4970 2175 5040 iniquam
2204 4986 2271 5026 ex

695 5063 977 5134 voluptate
998 5062 1294 5133 originem,
1328 5062 1383 5116 in
1412 5061 1607 5116 mortis
1638 5063 1800 5116 linem
1840 5078 1904 5117 ac
1931 5062 2273 5119 interitiouis

695 5170 883 5210 secum
908 5154 1116 5225 pariter
1142 5154 1291 5226 juste
1318 5153 1572 5209 trahebat
1596 5170 1608 5206 :
1644 5153 1724 5208 sic
1746 5169 1970 5224 quoque
2008 5154 2277 5212 Dominus

694 5247 874 5302 factus
925 5247 1130 5310 homo,
1178 5247 1458 5316 aliamque
1507 5247 1737 5301 secundi
1799 5256 1959 5302 ortus
2003 5247 2275 5318 originem

695 5336 862 5408 596
879 5352 945 5392 ex
971 5335 1182 5407 Spiritu
1213 5346 1407 5392 sancto
1430 5346 1646 5391 natura:
1676 5336 1999 5402 fabricatus,
2030 5337 2277 5409 justissi-

696 5442 954 5498 tuamque
1014 5427 1209 5483 Adami
1262 5443 1362 5499 per
1422 5428 1707 5492 laborem,
1760 5438 1925 5499 atque
1971 5444 2274 5484 aerumnam

696 5528 929 5575 mortem
959 5520 1272 5590 suscipiens
1320 5520 1398 5589 (in
1444 5536 1512 5576 eo
1562 5522 1755 5593 utique
1804 5522 2224 5592 iniustissimam
2257 5564 2273 5587 ,

694 5612 784 5667 cui
812 5612 1027 5669 scilicet
1046 5613 1259 5684 proprii
1284 5620 1443 5671 ortus,
1463 5614 1619 5685 origo
1640 5614 1986 5684 iniquissima
2022 5630 2087 5669 ex
2109 5615 2275 5685 primi

700 5706 943 5771 parentis
988 5706 1429 5778 transgressione
1471 5706 1747 5778 deesset),
1791 5707 2063 5763 utrumvis
2095 5716 2276 5763 extre-

698 5811 875 5860 mum.
925 5806 1037 5851 tum
1088 5780 1608 5867 nempe‘originem,
1658 5806 1772 5851 tum
1836 5798 1999 5853 linem
2044 5797 2270 5851 humani

2386 4311 2665 4381 παραϐὰς,
2715 4312 2883 4386 ἄλλην
2936 4317 3113 4389 ἀρχὴν
3172 4322 3464 4391 γενέσεως,
3513 4325 3574 4392 ἐξ
3620 4330 3824 4403 ἡδονῆς
3880 4311 3987 4400 μέν

2387 4405 2813 4479 συνισταμένην,
2840 4409 2922 4474 εἰς
2945 4411 3003 4464 δὲ
3031 4413 3125 4467 τὸν
3165 4415 3256 4470 διὰ
3287 4417 3452 4473 πόνου
3507 4420 3745 4476 θάνατον
3787 4426 3990 4481 τελευ-

2383 4495 2567 4550 τῶσαν
2590 4499 2657 4569 τῇ
2685 4498 2847 4567 φύσει
2869 4504 3025 4574 παρὰ
3055 4505 3156 4577 τὴν
3184 4507 3410 4581 πρώτην
3438 4515 3859 4585 παρεισήγαγε,
3888 4521 3986 4574 καὶ

2381 4588 2646 4660 ἐπενόησε
2678 4592 2822 4646 κατὰ
2849 4594 2950 4665 τὴν
2978 4597 3291 4671 συμϐουλὴν
3312 4600 3408 4656 τοῦ
3436 4603 3615 4673 ὄφεως
3641 4608 3849 4680 ἡδονὴν
3879 4614 3983 4666 οὐκ

2379 4677 2546 4735 οὖσαν
2587 4682 2954 4754 προλαϐόντος
2996 4690 3158 4744 πόνου
3192 4693 3460 4765 διάδοχον,
3486 4697 3624 4752 ἀλλὰ
3659 4677 3879 4770 μᾶλλον
3900 4707 3984 4769 si;

2377 4771 2470 4824 τὸν
2494 4773 2654 4827 πόνον
2682 4779 3106 4851 περαιουμένην,
3133 4782 3342 4848 πάντας
3362 4787 3489 4851 τοὺς
3518 4786 3577 4852 ἐξ
3598 4791 3765 4845 αὑτοῦ
3806 4796 3985 4866 σαρκὶ

2378 4865 2703 4959 γενομένους
2729 4869 2847 4921 κατ’
2872 4869 3057 4937 αὐτὸν,
3081 4873 3171 4928 διά
3194 4875 3290 4945 τὴν
3314 4877 3375 4944 ἐξ
3413 4878 3609 4952 ἡδονῆς
3645 4881 3848 4939 ἄδικον
3884 4865 3984 4959 tip-

2380 4957 2503 5027 χὴν,
2550 4952 2666 5027 εἶχε
2719 4963 3201 5034 συνυπαγομένους
3244 4968 3395 5041 αύτῷ
3432 4972 3678 5039 δικαίως,
3720 4977 3870 5048 πρὸς

2379 5049 2467 5104 διὰ
2500 5051 2663 5105 πόνου
2690 5052 2832 5106 κατὰ
2863 5053 2955 5109 τὸν
2985 5055 3216 5110 θάνατον
3243 5059 3396 5124 τέλος
3421 5076 3435 5091 ⁸
3469 5061 3613 5116 οὕτω
3640 5068 3737 5119 καὶ
3779 5072 3812 5118 δ
3863 5070 3981 5122 Κύ-

2382 5161 2492 5216 ριος
2526 5146 2815 5218 γενόμενος
2845 5147 3150 5221 ἄνθρωπος,
3175 5155 3270 5207 καὶ
3297 5153 3467 5226 ἄλλην
3499 5156 3675 5228 ἀρχὴν
3708 5158 3982 5232 δευτέρας

2379 5240 2646 5307 γενέσεως
2668 5243 2732 5295 ὲκ
2761 5242 3080 5313 Πνεύματος
3114 5244 3275 5312 ἁγίου
3321 5249 3388 5320 τῇ
3425 5249 3586 5318 φύσει
3623 5250 3982 5327 δημιουργή-

2382 5347 2499 5396 σας,
2526 5332 2622 5384 καὶ
2649 5332 2742 5384 τὸν
2770 5331 2860 5385 διὰ
2894 5335 3058 5387 πόνου
3088 5335 3183 5388 τοῦ
3221 5335 3390 5407 Ἀδὰμ
3416 5338 3770 5393 δικαιότατον
3798 5360 3979 5396 κατα-

2382 5422 2672 5493 δεξάμενος
2721 5424 2972 5493 θάνατον,
3007 5427 3066 5478 ἐν
3109 5426 3260 5498 αύτῷ
3290 5427 3493 5501 δηλαδὴ
3528 5430 3837 5501 γενόμενον
3866 5434 3980 5487 da:-

2384 5515 2646 5581 κώτατον,
2691 5519 2765 5581 ὼς
2817 5518 2916 5572 οὐκ
2965 5517 3162 5588 ἔχοντα
3187 5520 3286 5590 τῆς
3316 5520 3452 5584 ἰδίας
3490 5520 3766 5588 γενέσεως
3796 5525 3978 5594 ἀρχὴν

2381 5610 2480 5681 τὴν
2506 5611 2570 5664 ὲκ
2592 5612 2875 5681 παρακοῆς
2904 5612 3247 5682 ἁδικωτὸτην
3269 5612 3363 5666 τοῦ
3386 5613 3736 5684 προπάτορος
3756 5615 3974 5689 ἡδο-τὴν,

2382 5703 2708 5773 ἀμφοτέρων
2734 5703 2843 5757 τῶν
2866 5703 3075 5776 ἄκρων,
3112 5706 3285 5776 ἀρχῆς
3339 5723 3399 5759 τε
3451 5706 3594 5774 λέγω
3626 5708 3725 5759 καὶ
3781 5706 3973 5763 τέλους

2380 5797 2480 5867 τῆς
2527 5796 2669 5851 κατὰ
2710 5796 2801 5850 τὸν
2863 5797 3038 5868 Ἀδὰμ
3083 5798 3428 5870 ἀνθρωπίνης
3457 5799 3751 5868 γενέσεως,
3785 5791 3885 5853 οἶα
3912 5796 3977 5869 δὴ
