4184 6436
250 452 396 517 1325

948 446 1279 507 CAPITUM
1318 444 1740 516 OUINQUIES
1776 440 2293 505 CENTENORUM
2332 447 2721 509 CENTURIA
2760 450 2859 509 IV.

3378 451 3513 517 1396

242 560 689 636 προηγουμένως
734 559 837 613 οὐκ
881 557 1051 611 δντων
1085 559 1148 611 ὲκ
1179 557 1282 611 τοῦ
1301 556 1461 622 Θεοῦ,
1491 555 1591 625 τήν
1620 554 1834 638 αναίρε-

1938 564 2093 610 ortus
2127 572 2228 625 pro
2251 559 2372 627 ejus
2396 556 2572 626 ipsius
2597 559 2811 613 ratione
2844 557 3105 624 sustulit;
3149 567 3211 613 ut
3254 576 3375 629 quze
3406 580 3516 620 non

244 674 341 710 σιν
381 654 699 723 ἐποιήσατο,
730 650 829 704 καὶ
858 651 1069 713 πάντας
1105 650 1234 711 τοὺς
1264 646 1545 719 μυστικῶς
1577 646 1636 710 ἐξ
1667 645 1832 698 αὑτοῦ

245 739 758 811 ἀναγεννωμένους,
793 737 895 807 τῆς
925 734 1012 789 ἐπ’
1068 735 1241 805 αὐτῆς
1291 734 1483 805 ἑνοχῆς
1516 733 1834 803 ἐλευθέρους

248 836 490 903 κατέστη
498 850 578 886 σε.

327 925 431 997 με’.
455 927 569 997 Τὴν
598 926 663 978 ὲκ
686 924 780 978 τοῦ
835 921 999 993 νόμου
1052 921 1157 990 τῆς
1200 920 1475 990 ἁμαρτίας
1510 918 1714 1022 ήδονὴν
1736 921 1837 1022 ,εἰς

245 1022 512 1090 ἀθέτησιν
564 1018 666 1088 τῆς
718 1016 861 1070 κατὰ
910 1016 1091 1086 σάρκα
1125 1014 1432 1085 γεννήσεως
1468 1014 1575 1065 τῶν
1605 1015 1662 1065 ὲν
1689 1012 1838 1080 αὐτῷ

246 1113 441 1183 χάριτι
463 1112 553 1165 διὰ
574 1109 893 1180 Πνεύματος
927 1105 1286 1177 γεννωμένων
1331 1107 1360 1158 6
1396 1105 1601 1208 K_09t0;
1634 1102 1837 1208 άφελό-

253 1219 444 1274 μενος,
480 1204 570 1256 τὸν
604 1204 683 1264 είς
711 1200 1011 1271 καταδίκην
1042 1198 1105 1251 τὸ
1134 1198 1400 1271 πρότερον
1432 1198 1563 1250 δντα
1600 1195 1699 1265 τῆς
1734 1195 1836 1264 φύ-

249 1311 418 1359 σεως,
455 1294 535 1355 είς
570 1291 667 1361 τὴν
702 1292 801 1360 τῆς
830 1289 1107 1360 ἁμαρτίας
1139 1286 1466 1357 κατάκρισιν
1496 1284 1678 1346 αὐτοῖς
1703 1299 1834 1350 συγ·-

247 1386 427 1455 χωρεῖ
457 1382 708 1452 δέχεσθαι
762 1381 1014 1445 θάνατον,
1070 1378 1292 1449 ἔχοντας
1350 1377 1448 1446 μὲν
1500 1374 1597 1429 τοῦ
1666 1374 1837 1443 Ἀδὰμ

247 1476 441 1531 οὐκέτι
482 1475 582 1545 τὴν
614 1476 679 1527 ἐκ
736 1474 831 1527 τοῦ
888 1472 1063 1542 ’Λδαμ
1113 1470 1309 1540 ἡδονὴν
1362 1470 1463 1539 τῆς
1518 1469 1785 1537 γενέσεως
1821 1482 1834 1495 ’

256 1570 429 1641 μόνην
466 1569 523 1621 δὲ
568 1569 670 1638 τὴν
715 1568 805 1620 διὰ
850 1566 942 1619 τὸν
992 1564 1166 1635 ’Δδὰμ
1195 1563 1389 1633 ὀδύνην
1420 1561 1838 1631 ἐνεργοῦσανὲν

250 1661 439 1723 αὐτοῖς
469 1677 482 1690 ·
507 1660 568 1713 οὐ
600 1659 742 1712 κατὰ
777 1657 939 1728 χρέος
997 1655 1138 1726 ὑπὲρ
1187 1656 1485 1753 ἁμαρτίας,
1533 1652 1674 1707 ἀλλὰ
1717 1654 1835 1753 κατ’

248 1750 586 1820 οἰκονομίαν,
614 1748 705 1801 διὰ
734 1750 836 1819 τὴν
870 1746 1013 1800 κατὰ
1066 1745 1231 1815 φύσιν
1286 1743 1653 1814 περίστασιν,,
1694 1743 1837 1794 κατὰ

248 1842 355 1911 τῆς
388 1842 688 1913 ἁμαρτίας,
721 1841 814 1895 τὸν
845 1841 1077 1894 θάνατον
1108 1854 1120 1868 ·
1153 1838 1212 1900 ὃς
1233 1837 1436 1891 ὁπόταν
1466 1834 1540 1906 μὴ
1572 1835 1684 1904 ἔχει
1716 1850 1838 1902 γεν-

249 1934 434 1987 νῶσαν
463 1932 629 1985 αὑτὸν
663 1932 876 2002 μητέρα
902 1931 1021 2001 τὴν,
1045 1925 1114 2001 ἦς
1146 1927 1395 1996 γίνεσθαι
1423 1927 1635 1994 πέφυκε
1664 1942 1836 1995 τιμω-

252 2024 373 2097 ρὸς,
392 2023 582 2095 ήδονήν
608 2024 781 2077 άῑδίου
804 2022 953 2093 ζωῆς
977 2020 1263 2093 προδήλως
1286 2020 1609 2074 καθίσταται
1630 2020 1835 2088 πατήρ.

264 2099 355 2178 ὀξ
404 2115 514 2184 γὰρ
562 2113 657 2166 τοῦ
727 2112 901 2183 Ἀδὰμ
958 2114 991 2183 ή
1031 2111 1153 2165 καθ’
1185 2110 1382 2182 ήδονὴν
1420 2110 1554 2180 ζωή,
1600 2108 1835 2161 θανάτου

249 2208 351 2262 καὶ
376 2207 583 2276 φθορᾶς
611 2207 803 2275 γέγονε
831 2207 1037 2278 μήτηρ,
1073 2203 1219 2259 οὕτω
1239 2204 1335 2258 καὶ
1368 2206 1396 2257 6
1422 2203 1513 2257 διὰ
1534 2202 1627 2255 τὸν
1665 2200 1837 2271 Ἀδὰμ

248 2301 351 2356 τοῦ
372 2303 583 2372 Κυρίου
609 2300 839 2364 θάνατος
863 2301 1124 2371 ὑπάρχων
1149 2299 1249 2370 τῆς
1274 2300 1339 2352 ὲκ
1360 2298 1455 2352 τοῦ
1486 2296 1660 2368 Ἀδὰμ
1682 2296 1835 2349 ἐλεύ-

251 2395 413 2467 θερος
445 2396 658 2466 ἡδονῆς,
693 2393 865 2450 ἀϊδίου
894 2392 1175 2463 γεννήτωρ
1200 2392 1412 2459 γίνεται
1452 2388 1618 2460 ζωῆς.

328 2667 446 2731 μςν.
493 2660 695 2734 Ἀρχὴν
728 2660 857 2733 ἔσχε
894 2661 1036 2731 μετὰ
1065 2660 1166 2733 τὴν
1197 2660 1509 2732 παράϐασιν
1544 2662 1576 2730 ἡ
1607 2659 1716 2713 τῶν
1742 2660 1838 2713 ἁν-

250 2751 491 2821 θρὼπων
541 2759 705 2821 φύσις
744 2756 847 2824 τῆς
887 2752 1024 2816 ιδίας
1058 2753 1327 2821 γενέσεως
1360 2753 1458 2822 τὴν
1489 2751 1613 2806 καθ’
1644 2750 1838 2821 ήδονὴν

252 2847 321 2903 ἔκ
345 2847 552 2915 σπορᾶς
576 2843 859 2915 σύλληψιν,
895 2844 991 2898 καὶ
1020 2844 1120 2916 τὴν
1149 2843 1295 2897 κατὰ
1320 2843 1505 2913 ρεῦσιν
1536 2840 1791 2912 γέννησιν
1819 2859 1835 2874 ·

250 2938 349 2990 καὶ
368 2936 543 3000 τέλος.
573 2939 665 2989 τὸν
702 2936 826 2989 κατ’
854 2935 1048 3007 ὀδύνην
1069 2935 1158 2989 διὰ
1187 2935 1395 3005 φθορᾶς
1423 2934 1651 2988 θάνατον
1679 2949 1692 2964 ⁸
1723 2936 1751 2987 6
1779 2933 1837 2987 δὲ

251 3027 462 3099 Κύριος
478 3028 687 3098 ταύτην
708 3030 809 3082 οὐκ
834 3026 975 3099 έχων
1003 3028 1178 3098 ἀρχὴν
1205 3029 1303 3097 τῆς
1327 3026 1469 3081 κατὰ
1498 3026 1677 3097 σάρκα
1709 3043 1834 3095 γεν-

253 3118 486 3189 νήσεως,
522 3118 649 3172 οὒτε
692 3118 773 3189 τῷ
806 3119 972 3185 τέλει,
1000 3119 1249 3172 τουτέστι
1278 3118 1359 3189 τῷ
1386 3118 1625 3187 θανάτῳ,
1654 3117 1834 3188 ὑπῆρ-

253 3226 348 3278 χεν
374 3209 604 3273 άλωτός.

327 3301 435 3371 με’.
471 3302 574 3354 Τὸν
631 3302 802 3373 Ἀδὰμ
832 3304 865 3373 ή
898 3303 1142 3374 ἁμαρτία
1185 3301 1465 3373 καταρχὰς
1509 3301 1833 3365 δελεάσασα,

252 3395 392 3465 πρὸς
420 3394 735 3465 παράϐασιν
763 3396 860 3465 τῆς
889 3394 1043 3459 θείας
1072 3394 1410 3468 παρέπεισεν
1455 3392 1632 3447 ἐλθεῖν
1681 3394 1835 3447 ἐντο-

252 3485 353 3556 λῆς
384 3501 399 3517 ⁸
454 3486 577 3539 καθ’
622 3488 691 3556 ἥν
734 3487 835 3556 τήν
866 3487 1063 3559 ἡδονήν
1094 3487 1471 3557 ύποστήσασα,
1509 3486 1605 3539 καὶ
1635 3485 1835 3555 ἑαυτὴν

249 3576 343 3631 διὰ
369 3577 473 3648 τῆς
493 3578 687 3649 ἡδονῆς
713 3579 772 3632 ἐν
798 3576 950 3649 αὐτῷ
975 3577 1346 3647 καθηλώσασα
1373 3578 1453 3649 τῷ
1478 3576 1715 3647 πυθμένι
1736 3578 1836 3647 τῆς

252 3667 489 3737 φύσεως,
520 3669 613 3722 τὸν
644 3668 873 3724 θάνατον
925 3670 1024 3741 τῆς
1078 3670 1206 3741 ὅλης
1256 3671 1547 3740 κατέκρινε
1595 3667 1833 3737 φύσεως,

252 3761 470 3815 ὠθοῦσα
500 3761 639 3831 πρὸς
662 3762 986 3830 ἀπογένεσιν
1009 3762 1151 3816 κατὰ
1192 3761 1285 3815 τὸν
1317 3760 1549 3815 θάνατον
1600 3760 1689 3814 διὰ
1740 3760 1835 3814 τοῦ

252 3852 564 3924 ἀνθρώπου,
604 3850 701 3923 τὴν
742 3852 909 3922 φύσιν
960 3853 1072 3906 τῶν
1117 3852 1444 3922 γεγονότων.
1514 3853 1685 3907 Τοῦτο
1725 3852 1834 3923 γὰρ

253 3944 350 3998 καὶ
383 3946 744 4015 μεμηχάνητο
770 3943 849 4014 τῷ
879 3947 1073 4013 σπορεί
1092 3947 1190 4015 τῆς
1218 3944 1515 4015 ἁμαρτίας,
1546 3945 1641 3998 καὶ
1666 3945 1836 4014 πατρὶ

251 4037 351 4107 τῆς
368 4036 568 4099 κακίας
595 4036 818 4107 πονηρῷ
836 4036 1087 4107 διαϐόλῳ,
1110 4037 1189 4107 τῷ
1221 4037 1412 4092 ἑαυτὸν
1445 4037 1542 4108 μὲν
1581 4038 1639 4104 ἐξ
1665 4039 1835 4108 ὑπερ·

253 4129 487 4199 ηφανίας
550 4128 652 4198 τῆς
703 4127 855 4191 θείας
903 4126 1233 4193 ὲξοικίσαντι
1280 4128 1460 4199 δόξης,
1502 4128 1592 4213 διά
1637 4128 1834 4196 φθόνον

251 4221 311 4275 δὲ
338 4221 431 4273 τόν
471 4238 531 4274 τε
566 4219 706 4291 πρὸς
736 4219 888 4289 ἡμᾶς
936 4221 1032 4273 καὶ
1078 4220 1170 4273 τὸν
1216 4219 1371 4285 Θεὸν,
1421 4218 1517 4274 τοῦ
1576 4219 1835 4290 παραδεί-

256 4330 353 4365 σου
384 4313 476 4366 τδν
518 4313 692 4381 Ἀδὰμ
739 4312 1091 4379 έξοικίσαντι,
1140 4312 1405 4381 ἀφανίσαι
1461 4313 1531 4367 τὰ
1574 4312 1709 4383 ἔργα
1738 4312 1833 4366 τοῦ

252 4404 411 4471 Θεοῦ,
445 4405 542 4458 καὶ
570 4402 821 4458 διαλῦσαι
849 4403 917 4456 τὰ
949 4402 1261 4457 συνεστῶτα
1287 4403 1424 4474 πρὸς
1450 4404 1686 4472 γένεσιν.

1940 645 2122 714 primo
2153 661 2183 699 a
2212 646 2322 700 Deo
2362 656 2583 712 essent;
2632 659 2973 718 cunctosque
3014 651 3248 720 mystice
3290 667 3358 708 ex
3396 654 3517 724 ipso

1941 747 2317 801 renascentes,
2358 738 2504 793 illius
2533 747 2690 793 reatu
2728 740 2985 795 absolvit.

2009 912 2097 966 45.
2137 912 2269 978 Quae
2314 929 2381 969 ex
2432 916 2551 986 lege
2600 919 2814 986 peccati
2844 929 2950 982 est,
2986 919 3269 989 voluptate
3303 923 3517 978 sublata

1942 1016 2006 1055 ac
2036 1002 2288 1069 libidine,
2319 1005 2388 1058 ad
2415 1021 2607 1060 eorum
2635 1008 2730 1076 qui
2780 1010 2837 1063 in
2888 1009 3009 1078 ipso
3054 1012 3244 1081 gratim
3288 1028 3518 1068 munere

1941 1107 2041 1162 per
2065 1092 2331 1162 Spiritum
2362 1106 2667 1152 nascuntur
2692 1100 3018 1157 abolendam
3042 1104 3321 1159 carnalem
3366 1106 3516 1161 nati-

1943 1184 2194 1249 vitatem,
2236 1186 2485 1256 indulget
2532 1189 2800 1247 Dominus
2824 1234 2839 1257 ,
2886 1204 2948 1248 ut
2977 1205 3212 1250 mortem
3239 1237 3253 1262 ,
3308 1213 3430 1267 qua:
3458 1199 3514 1253 in

1944 1282 2157 1330 natura:
2179 1278 2335 1346 prius
2364 1278 2771 1337 damnationem
2800 1295 2949 1349 erat,
3004 1286 3071 1340 ad
3124 1288 3334 1355 peccati
3383 1303 3520 1343 con—

1939 1366 2349 1424 denmationem
2380 1372 2705 1442 suscipiant,
2731 1375 3060 1446 quinempe,
3081 1392 3187 1432 non
3222 1381 3335 1448 jam
3357 1390 3516 1435 ortus

1948 1475 2017 1514 ex
2051 1462 2260 1516 Adamo
2286 1462 2596 1528 libidinem,
2628 1464 2722 1519 sed
2755 1466 3023 1521 duntaxat
3045 1468 3255 1522 Adamo
3290 1480 3520 1527 auctore

1942 1552 2222 1607 invectum
2256 1554 2505 1610 dolorem
2535 1571 2599 1611 ac
2614 1572 2915 1612 aerumnam
2944 1559 3207 1625 habeant;
3232 1577 3341 1615 non
3362 1564 3521 1632 quasi

1940 1660 2008 1697 ex
2036 1643 2225 1699 debito
2255 1647 2466 1715 peccati
2506 1658 2686 1710 reatu,
2715 1650 2812 1704 sed
2858 1661 3006 1705 certa
3044 1653 3263 1708 consilii
3302 1656 3523 1710 ratione

1940 1749 2005 1788 ac
2029 1735 2467 1806 dispensatione,
2504 1738 2575 1792 ob
2619 1742 2929 1797 naturalem
2970 1747 3379 1814 necessitatem,
3420 1749 3522 1805 ad-

1940 1841 2137 1881 versus
2166 1837 2454 1897 peccatum
2474 1829 2667 1899 illique
2693 1831 2992 1897 abolendo,
3017 1847 3251 1891 mortem
3280 1855 3520 1909 operan-

1870 1905 1908 1959 Β
1942 1924 2072 1972 tem.
2104 1916 2231 1972 Haec
2264 1918 2434 1983 enim,
2465 1919 2557 1974 ubi
2584 1920 2759 1989 ipsius
2779 1937 3000 1992 parens.
3025 1928 3185 1997 cujus
3206 1929 3374 1984 ultrix
3400 1943 3521 1985 esse

1937 2010 2248 2075 consuevit,
2287 2011 2541 2082 voluptas
2574 2012 2860 2085 libidoque
2889 2015 3151 2081 defuerit,
3188 2020 3307 2089 ipsa
3335 2027 3519 2091 palam

1938 2102 2290 2169 sempiterna:
2335 2103 2463 2157 vitae
2504 2118 2704 2173 parens
2752 2107 2990 2162 exsistit.
3044 2108 3521 2175 Quemadmodum

1936 2191 2086 2244 enim
2120 2192 2435 2261 voluptaria
2470 2209 2535 2247 ac
2561 2194 2860 2251 libidinosa
2890 2199 3085 2253 Adami
3117 2201 3263 2269 vita,
3321 2210 3523 2263 mortis

1934 2297 2001 2337 ac
2024 2282 2282 2339 interitus
2302 2300 2501 2354 parens
2518 2288 2727 2343 exstitit
2755 2307 2768 2341 :
2803 2291 2882 2343 sic
2903 2307 3125 2363 quoque
3146 2311 3309 2365 quam
3331 2299 3522 2355 Domi-

1936 2390 2042 2429 nus
2062 2385 2289 2445 propter
2310 2376 2580 2433 Adamu‘m
2599 2389 2834 2435 mortem
2863 2382 3054 2451 subiit,
3085 2402 3208 2456 qua:
3228 2390 3298 2443 ab
3323 2390 3522 2448 Adami

1936 2465 2167 2522 libidine
2190 2483 2256 2522 ac
2290 2468 2573 2540 voluptate
2605 2470 2869 2528 immunis
2892 2475 2985 2543 sit,
3018 2481 3371 2549 sempiternae
3396 2487 3526 2542 vita

1937 2584 2139 2638 parens
2163 2572 2402 2627 exsistit.

2007 2662 2096 2717 46.
2136 2662 2452 2720 Humanum
2485 2683 2659 2738 genus
2681 2686 2713 2725 a
2748 2677 3217 2745 transgressione,
3242 2691 3401 2736 ortus
3437 2686 3525 2738 sui

1935 2750 2231 2822 originem,
2283 2757 2654 2828 voluptariam
2704 2777 2769 2818 ac
2804 2764 3160 2823 libidinosam
3191 2786 3260 2826 ex
3309 2774 3524 2829 semine

1938 2853 2160 2900 nactum
2196 2856 2283 2902 est
2310 2853 2727 2922 conceptionem
2754 2897 2767 2918 ,
2807 2872 2987 2928 exque
3020 2859 3263 2921 ﬁuxione
3312 2866 3487 2921 nativi
3510 2898 3525 2908 -

1937 2945 2138 3004 tatem;
2168 2955 2233 2995 ac
2263 2952 2547 3011 postremo
2582 2946 2772 3013 ﬁnem,
2813 2966 2937 3020 quae
2966 2952 3157 3009 labore
3192 2966 3250 3012 et
3275 2973 3523 3017 aerumna

1934 3031 2229 3099 conﬂatur,
2260 3036 2456 3092 mortis
2478 3038 2855 3097 interitionem
2886 3061 2898 3095 :
2926 3045 3196 3104 Dominus
3220 3065 3354 3105 vero
3376 3092 3391 3116 ,
3423 3054 3522 3123 qui

1935 3121 2078 3178 hanc
2133 3140 2245 3181 non
2299 3127 2532 3186 haberet
2573 3134 2884 3191 nativitatis
2936 3140 3178 3195 carnalis
3226 3143 3521 3214 originem,

1862 3252 1906 3310 ο
1940 3226 2043 3267 nec
2069 3214 2238 3269 etiam
2272 3215 2368 3271 ﬁni
2404 3218 2594 3289 (morti
2626 3222 2865 3293 scilicet)
2893 3225 3168 3284 obnoxius
3196 3241 3338 3287 erat.

2010 3305 2099 3359 47.
2136 3307 2449 3375 Peccatum,
2477 3313 2628 3368 velut
2667 3315 2853 3371 oblata
2893 3334 3018 3374 esca
3047 3361 3060 3384 ,
3097 3322 3369 3377 Adamum
3397 3366 3410 3388 ,
3462 3338 3523 3381 ut

1938 3396 2115 3451 divini
2153 3407 2531 3472 transgressor
2568 3408 2813 3462 mandati
2847 3409 3009 3465 ﬁeret
3044 3413 3208 3468 initio
3247 3414 3468 3473 induxit
3503 3439 3518 3475 :

1936 3504 2044 3558 qua
2076 3506 2275 3561 nempe
2326 3504 2521 3549 auctor
2570 3497 2650 3551 illi
2684 3500 2990 3571 voluptatis
3028 3503 3234 3560 factum
3281 3523 3346 3563 ac
3388 3509 3521 3563 libi-

1938 3581 2106 3647 dinis,
2149 3600 2358 3655 perque
2406 3587 2605 3657 ipsam,
2638 3590 2775 3661 ipsis
2804 3604 3017 3651 naturae
3044 3598 3170 3654 imis
3209 3600 3521 3657 visceribus

1938 3673 2047 3727 alte
2072 3674 2322 3742 inﬁxum,
2348 3687 2602 3749 naturam
2624 3698 2845 3740 onmem
2877 3689 3073 3745 mortis
3092 3705 3240 3745 ream
3268 3693 3515 3758 addixit:

1940 3766 2180 3823 hominis
2211 3768 2306 3825 illo
2336 3780 2514 3836 reatu,
2541 3784 2859 3836 creatorum
2886 3795 3061 3850 genus
3080 3798 3245 3840 omne
3278 3785 3331 3839 in
3358 3786 3519 3843 nihili

1938 3854 2279 3923 barathrum,
2316 3870 2374 3916 et
2412 3870 2473 3916 ut
2502 3880 2570 3920 ne
2596 3866 2710 3920 sint
2752 3870 2977 3939 quidem
3012 3872 3325 3945 impellens.
3382 3879 3517 3935 Nam

1938 3946 2043 4002 hoc
2084 3964 2307 4021 quoque
2344 3954 2569 4011 molitus
2603 3968 2724 4014 erat
2776 3964 2988 4031 peccati
3021 3974 3172 4023 sator
3218 3972 3520 4039 pessimus-

1935 4057 2043 4110 que
2070 4044 2331 4113 nequitiae
2357 4062 2561 4116 parens
2590 4050 2864 4121 diabolus,
2895 4059 2990 4126 qui
3027 4069 3142 4113 tum
3170 4076 3229 4116 se
3269 4063 3387 4133 ipse
3420 4082 3519 4136 per

1937 4133 2254 4202 superbiam
2288 4152 2317 4191 a
2348 4138 2535 4195 divina
2570 4142 2825 4201 claritate
2857 4152 3182 4216 extruserit,
3218 4165 3333 4208 tum
3371 4133 3518 4211 Ada-

1938 4238 2086 4277 mum
2119 4241 2219 4294 per
2241 4226 2504 4286 invidiam
2535 4232 2591 4287 in
2609 4251 2712 4291 nos
2741 4239 2950 4307 pariter
2978 4257 3041 4295 ac
3069 4242 3239 4297 Deum
3262 4248 3519 4315 parade-0

1936 4311 2099 4383 597
2126 4319 2501 4387 expulerat,ut
2524 4324 2619 4379 Dei
2645 4342 2811 4395 opera
2844 4331 3112 4399 aboleret,
3144 4346 3201 4390 et
3238 4311 3359 4407 qua:
3390 4353 3516 4396 ortu

1934 4406 2084 4461 edita
2119 4409 2285 4479 inque
2316 4428 2505 4469 rerum
2539 4426 2735 4474 natura
2761 4424 3173 4492 consisterent,
3216 4429 3332 4485 haec
3383 4450 3517 4488 vero

1936 4496 2286 4557 dissolveret.

325 4569 689 4651 μηὀΦθονῶν
717 4581 796 4652 τῷ
824 4581 944 4652 Θεῷ
988 4582 1084 4636 καὶ⁵
1139 4583 1269 4653 ήμίν
1296 4583 1325 4635 6
1378 4582 1645 4650 διάϐολος,
1694 4584 1829 4655 δόλῳ

2004 4591 2091 4646 48.
2134 4594 2419 4663 Diabolus,
2472 4616 2579 4670 qua
2625 4604 2681 4658 in
2734 4622 2837 4662 nos
2888 4609 3173 4682 Deumque
3226 4616 3382 4671 ardet
3429 4618 3516 4673 in-

249 4670 342 4722 τὸν
394 4669 680 4742 ἄνθρωπον
734 4672 843 4724 ὑπὸ
888 4671 1026 4725 Θεοῦ
1081 4672 1396 4741 φθονεῖσθαι
1454 4675 1826 4743 παραπείσας,

251 4759 571 4833 παραϐῆναι
588 4761 691 4833 τὴν
713 4762 934 4834 ἐντολὴν
958 4765 1365 4835 παρεσκεύασε.
1416 4765 1505 4836 Τῷ
1536 4766 1656 4837 Θεῷ
1706 4769 1825 4838 μὲν,

254 4851 343 4904 ἵνα
375 4854 586 4924 φανερὰ
625 4853 703 4925 μὴ
736 4854 963 4923 γένηται
1002 4856 1123 4909 κατ’
1157 4856 1441 4927 ἐνέργειαν
1474 4860 1508 4928 ή
1539 4858 1829 4928 πανύμνη-

251 4958 346 5005 τος
376 4942 541 4997 αὑτοῦ
568 4942 798 5014 δύναμις
842 4944 1181 5016 θεουργοῦσα
1231 4945 1323 5000 τὸν
1370 4945 1657 5017 ἄνθρωπον
1692 4964 1704 4977 ·
1753 4948 1832 5017 τῷ

252 5033 296 5087 δ’
332 5033 609 5106 ἀνθρώπῳ
634 5035 943 5108 προδήλως,
982 5038 1071 5090 ἱνα
1104 5036 1180 5109 μὴ
1211 5038 1439 5110 γένηται
1468 5043 1567 5111 τῆς
1593 5040 1743 5104 θείας
1772 5044 1830 5093 ἐν

252 5123 383 5176 εἴδει
430 5124 555 5177 κατ’
580 5126 785 5197 ἀρετήν
824 5126 1051 5196 μέτοχος
1079 5126 1259 5197 δόξης.
1284 5128 1475 5181 Φθονεί
1505 5129 1612 5199 γὰρ
1639 5132 1667 5183 ὁ
1701 5148 1829 5200 μια-

253 5216 493 5286 ρώτατος
513 5217 573 5270 ού
604 5204 920 5289 μόνονήμίν
955 5220 1055 5289 τῆς
1083 5219 1174 5271 ἐπὶ
1205 5218 1283 5288 τῷ
1306 5219 1427 5289 Θεῷ
1454 5219 1543 5274 διὰ
1567 5220 1667 5292 τὴν
1696 5224 1827 5294 ἀρε-

250 5306 351 5377 τὴν
382 5307 561 5383 δόξης,
587 5308 725 5361 ἀλλὰ
758 5312 852 5363 καὶ
885 5310 964 5381 τῷ
999 5309 1121 5381 Θεῷ
1159 5312 1258 5382 τῆς
1293 5312 1377 5380 ἐφ’
1413 5312 1544 5383 ἡμῖν
1588 5314 1676 5366 διὰ
1732 5314 1829 5385 τὴν

254 5378 529 5469 σωτηρίαν
554 5401 905 5471 πανυμνήτου
929 5378 1231 5472 δυνάμεως.

329 5674 435 5744 μθ’.
480 5676 691 5747 Ὥσπερ
730 5679 787 5730 ὲν
823 5677 901 5749 τῷ
955 5678 1125 5749 Ἀδὰμ
1154 5682 1182 5733 6
1219 5680 1450 5745 θάνατος
1497 5686 1595 5750 τῆς
1626 5682 1839 5749 φύσεως

323 5858 342 5881 ¹
506 5863 573 5920 ad
603 5862 818 5920 Thalas.
855 5881 909 5935 q.
942 5864 1031 5933 61,
1062 5868 1469 5936 πνευματικῶἶο

1927 4682 2109 4748 vidia,
2170 4701 2269 4756 per
2320 4689 2571 4749 fraudem
2629 4697 2841 4753 homini
2896 4707 3275 4771 persuadens,
3341 4708 3517 4765 Deum

1931 4771 2011 4826 illi
2042 4773 2311 4843 invidere,
2349 4784 2791 4853 transgrediendi
2826 4791 3148 4849 mandatum
3182 4797 3286 4866 ipsi
3321 4809 3518 4855 auctor

1929 4859 2055 4915 fuit.
2090 4864 2203 4920 Deo
2224 4867 2451 4935 quidem
2473 4872 2567 4929 ille
2605 4877 2844 4944 Invidet,
2879 4895 2949 4936 ne
2981 4884 3105 4953 ejus
3145 4859 3328 4957 reipsa
3362 4900 3519 4947 actu-

1931 4967 2039 5020 que
2056 4957 2356 5014 manifesta
2390 4962 2503 5028 ﬁat,
2537 4966 2753 5025 donans
2786 4971 3069 5029 hominem
3104 4978 3331 5039 deitate.
3364 4986 3517 5039 omni

1937 5046 2098 5102 laude
2132 5056 2519 5122 prosequenda
2546 5064 2797 5129 potentia
2825 5081 2989 5137 ;erga
3012 5068 3295 5127 hominem
3331 5085 3516 5134 autem

1935 5135 2115 5192 fertur
2174 5142 2417 5212 invidia,
2476 5166 2545 5206 ne
2576 5152 2625 5208 is
2681 5155 2906 5211 virtutis
2965 5162 3119 5216 cultu
3167 5163 3370 5221 divina:
3418 5184 3519 5239 per

1937 5230 2177 5298 speciem
2201 5235 2389 5305 gloriae
2421 5256 2651 5299 consors
2688 5247 2906 5304 evadat.
2962 5250 3176 5308 Nedum
3209 5256 3357 5310 enim
3399 5274 3517 5313 sce-

1936 5321 2267 5383 lestissimus
2288 5328 2380 5384 ille
2404 5333 2566 5390 nobis
2589 5336 2820 5404 invidet,
2840 5342 2961 5411 ejus
2982 5343 3252 5400 claritatis
3271 5348 3512 5411 nomine,

1936 5429 2102 5483 quam
2141 5421 2286 5489 apud
2320 5425 2493 5479 Deum
2530 5444 2599 5482 cx
2623 5430 2831 5487 virtute
2866 5438 3289 5505 consequimur;
3321 5456 3517 5495 verum

1931 5506 2096 5561 etiam
2121 5509 2255 5577 Deo,
2282 5512 2354 5569 ob
2376 5530 2497 5571 eam
2522 5521 2701 5576 modis
2724 5526 2983 5581 omnibus
3013 5528 3287 5584 laudatam
3322 5542 3519 5601 poten-

1948 5602 2198 5665 tentiam,
2230 5622 2337 5674 qua
2372 5611 2533 5667 nobis
2563 5615 2797 5672 salutem
2826 5623 3059 5676 confert.

2020 5693 2104 5746 πίε).
2140 5694 2615 5761 Quemadmodum
2642 5708 2695 5762 in
2724 5710 2933 5766 Adamo
2958 5729 3106 5769 mors
3127 5725 3335 5771 naturie
3363 5717 3517 5773 dam-
