4184 6436
241 436 376 499 tsza

910 439 1244 497 CAI‘lTUM
1284 433 1706 506 QUINOUIES
1744 433 2266 494 CENTENOIKUM
2307 435 2695 496 CENTUIUA
2734 438 2832 498 ιν.

3372 438 3506 502 Ῑῖὶζςθ

241 547 596 617 ἰσιλνομοῦσαν
627 549 725 619 τὴν
777 550 1033 620 γνώμην,
1067 551 1162 603 καὶ
1205 550 1314 601 τῶν
1362 550 1456 618 τῆς
1495 549 1708 618 φύσεως
1740 546 1828 599 λόο

1936 555 2070 602 turze
2093 548 2421 617 aequabilem
2456 559 2839 614 servaverunt,
2866 551 3160 620 ipsumque
3185 550 3370 619 reipsa
3411 566 3506 604 na-

235 655 350 707 γων
388 641 508 711 aut:
539 639 818 710 ἐνέργειαν
867 641 1123 711 δεκτικὴν
1172 641 1343 705 αὐτὴν
1375 640 1819 707 καταστήσαντες

249 699 260 707 ’
496 699 512 736 \
631 699 641 710 '
675 699 686 704 ⁷
731 729 753 742 ς.
1082 699 1092 711 ⁵
1304 701 1308 705 ’
1607 699 1616 707 '
1765 727 1774 742 .

236 731 360 783 καθ’
389 747 509 784 οεον
541 732 634 785 τὸν
665 749 758 784 του
779 733 866 785 ἀεὶ
892 730 949 785 εὖ
972 730 1110 785 εἶναι
1139 733 1314 799 λόγον,
1342 731 1427 782 διὰ
1453 730 1550 800 τὴν
1573 730 1704 800 πρὸς
1728 745 1822 798 την

237 824 390 876 θείαν
421 824 672 894 βούλησιν
713 826 813 894 τῆς
867 825 1094 896 γνώμης
1153 823 1471 884 εὐπάθειαν,
1517 823 1644 892 ὅλης
1699 821 1814 892 [ιιιι.

237 913 332 968 illa
372 917 458 978 6|,
501 914 659 988 ὅλως]
709 916 997 986 μεθέξουσι
1032 917 1131 986 τῆς
1161 916 1518 985 ἁγαθότητος,
1553 915 1695 967 κατὰ
1723 915 1824 982 τὴν

233 1008 419 1069 αὐτοῖς
454 1008 763 1077 ἐπιλάμπου
776 1025 868 1061 σαν
889 1009 964 1071 ὡς
993 1010 1050 1060 ὲν
1077 1009 1330 1076 ἀγγέλοις
1363 1006 1394 1076 ἢ
1421 1006 1496 1069 ὡς
1529 1007 1586 1058 ἐν
1612 1004 1824 1075 ἀνθρώ-

235 1116 361 1162 ποις
390 1100 540 1153 θείαν
566 1101 733 1171 ζωήν.
769 1101 831 1153 υἱ
861 1103 918 1154 δὲ
941 1105 1007 1171 τῇ
1030 1101 1189 1170 φύσει
1223 1102 1552 1171 ποιήσαντες
1579 1101 1822 1152 ἀνισονο-

238 1192 447 1260 μοῦσαν
467 1192 554 1245 διὰ
578 1194 794 1246 πάντων
816 1193 914 1263 τὴν
937 1192 1186 1263 γνώμην,
1223 1193 1314 1246 καὶ
1337 1192 1448 1244 τῶν
1473 1193 1571 1261 τῆς
1602 1188 1821 1258 φύσεως

233 1283 414 1351 λόγων
461 1286 602 1337 κατὰ
640 1285 740 1356 τὴν
783 1286 1066 1356 ἐνέργειαν
1100 1286 1462 1354 σκεδαστικὴν
1493 1285 1663 1354 αὐτὴν
1691 1285 1824 1336 ἁπο-

232 1374 510 1440 δείξαντες
535 1373 656 1427 καθ’
688 1374 808 1427 ὅλον
823 1376 914 1427 τὸν
932 1374 1022 1427 τοῦ
1037 1371 1096 1427 εὖ
1115 1374 1250 1426 εἷναι
1269 1375 1439 1440 λόγον,
1462 1373 1550 1425 διά
1569 1373 1667 1443 τὴν
1689 1373 1824 1442 πρὸς

234 1467 337 1536 τὴν
376 1467 527 1520 θείαν
572 1466 825 1537 βούλησιν
871 1467 973 1537 τῆς
1009 1467 1236 1536 γνώμης
1284 1465 1660 1526 ἁντιπάθειαν,
1695 1463 1823 1534 ὅλης

235 1557 600 1612 ἐκπεσοῦνται
648 1559 746 1628 τῆς
791 1559 1150 1630 ἁγαθότητος,
1180 1558 1320 1611 κατὰ
1352 1558 1452 1621 τὴν
1497 1557 1824 1627 ἐμφαινομέ-

233 1667 340 1720 νην
365 1651 548 1713 αὐτοῖς
584 1650 720 1719 πρὸς
745 1651 806 1702 τὸ
835 1650 936 1719 φεῦ
965 1646 1104 1704 εἶναι
1136 1653 1234 1719 τῆς
1264 1649 1488 1720 γνώμης
1513 1650 1784 1701 οἱκεέωσιν
1808 1663 1821 1678 ⁸

235 1742 362 1794 καθ’
410 1743 476 1810 ἣν
518 1744 550 1812 ὴ
597 1744 733 1813 πρὸς
780 1743 872 1796 τὸν
911 1744 1044 1796 Θεὸν
1093 1742 1248 1796 ἔσται
1277 1742 1385 1795 τῶν
1418 1741 1672 1796 τοιούτων
1704 1741 1822 1794 διά-

237 1848 449 1894 στασις,
474 1832 574 1884 οὐκ
601 1833 834 1900 ἐχόντων
861 1833 1006 1886 κατά
1026 1834 1124 1903 τὴν
1152 1834 1414 1901 πρόθεσιν
1445 1833 1540 1901 τῆς
1574 1831 1822 1900 γνώμης,

1924 649 2061 692 tura:
2095 640 2373 693 rationum
2399 655 2656 709 capacem
2677 643 2832 711 juxta
2863 658 3083 697 onmem
3107 643 3248 697 bene
3281 642 3500 696 essendi

1926 731 2192 785 rationem
2227 731 2612 796 reddiderunt,
2639 734 2710 787 ob
2740 735 2910 788 animi
2933 749 2998 788 ac
3032 734 3336 789 voluntatis
3379 748 3504 786 enm

1924 821 2108 876 divina
2133 823 2420 877 voluntate
2448 823 2891 878 convenientiam
2910 863 2923 886 ,
2960 825 3163 879 divina:
3182 825 3363 879 omnis
3405 823 3505 876 bo-

1923 913 2134 979 nitatis,
2182 930 2283 985 pro
2327 915 2530 970 divinae
2561 915 2616 970 in
2647 916 2730 970 eis
2762 916 2910 979 vitat,
2953 927 3015 970 ut
3067 916 3122 970 in
3153 916 3366 986 angelis
3410 926 3507 968 aut

1925 1007 1980 1060 in
2007 1007 2327 1062 hominibus
2357 1007 2650 1072 elucentis,
2710 1007 2946 1070 ratione,
2988 1017 3154 1062 erunt
3181 1008 3502 1076 participes.

1923 1098 2027 1166 Qui
2056 1117 2190 1154 vero
2221 1117 2319 1171 per
2343 1101 2527 1155 omnia
2550 1099 2939 1169 intequabilem
2966 1099 3316 1154 voluntatem
3339 1109 3504 1167 atque

1923 1194 2169 1247 animum
2226 1200 2438 1246 naturae
2491 1191 2899 1256 reddiderunt,
2945 1201 3266 1259 natura-que
3324 1190 3503 1257 rcipsa

1926 1285 2172 1337 rationes
2201 1283 2562 1351 dissipantem
2592 1283 2745 1352 juxta
2777 1299 2997 1338 onmem
3026 1283 3167 1338 bene
3195 1297 3373 1349 exque
3401 1281 3509 1332 vir-

1927 1384 2043 1429 tute
2073 1373 2294 1428 esscndi
2337 1373 2608 1427 rationem
2665 1374 3038 1429 exhibuerunt
3065 1414 3079 1437 ,
3116 1373 3187 1426 ob
3223 1372 3392 1426 animi
3444 1388 3508 1425 ae

1925 1467 2228 1520 voluntatis
2262 1481 2387 1519 cum
2413 1465 2600 1520 divina
2625 1466 2911 1520 voluntate
2947 1464 3504 1523 disconvenientimn.

1925 1557 2191 1612 bonitatis
2231 1555 2901 1626 onmisjacturam,juxta
2943 1555 3259 1608 elucenlem
3308 1553 3363 1606 in
3403 1555 3502 1613 eis.

1925 1667 2050 1705 cum
2093 1651 2199 1704 hoc
2224 1649 2370 1719 quod
2401 1657 2485 1702 est
2513 1648 2653 1702 male
2680 1647 2991 1716 misereque
3017 1662 3162 1710 esse,
3206 1646 3508 1698 voluntatis

1925 1742 2204 1811 animique
2238 1739 2728 1804 necessitudinem,
2759 1739 2963 1794 facient
2991 1756 3004 1803 ;
3036 1754 3166 1807 qua,
3192 1754 3385 1791 eorum
3412 1739 3504 1806 qui

1927 1833 2197 1903 ejusmodi
2241 1839 2390 1895 sunt,
2426 1832 2533 1884 erit
2560 1847 2684 1884 cum
2719 1830 2830 1884 Deo
2864 1830 3167 1883 divortium
3203 1830 3507 1899 sejunctio:

233 1927 359 1986 ταῖς
394 1924 696 1994 ἐνεργείαις
725 1923 834 1977 τῶν
865 1924 1111 1993 ἀγαθῶν,
1144 1925 1234 1978 τὸν
1259 1925 1352 1978 τοῦ
1383 1923 1441 1978 εὖ
1493 1922 1631 1978 εἶναι
1669 1925 1821 1992 λόγον

1933 1942 2063 1994 que;
2106 1925 2309 1994 quibus
2336 1939 2532 1991 nempe
2565 1922 2708 1976 desit
2735 1924 2938 1975 mentis
2969 1920 3251 1990 proposito
3282 1961 3296 1984 ,
3347 1921 3508 1973 bonis

235 2014 699 2086 ζωογονούμενον,
734 2015 859 2070 καθ’
903 2016 963 2070 ὃν
1012 2019 1044 2086 ἠ
1099 2017 1218 2070 θεία
1275 2017 1386 2087 ζωὴ
1449 2017 1824 2086 διαφαίνεσθαι

238 2102 482 2173 πέφυκε.

313 2289 407 2339 νε’.
433 2285 604 2354 Ζυγὸς
625 2287 721 2355 τῆς
750 2287 980 2341 ἑκάστου
1004 2288 1228 2360 γνώμης
1257 2289 1409 2342 ἔσται
1427 2289 1569 2342 κατὰ
1598 2290 1694 2358 τὴν
1712 2290 1828 2359 κρε-

242 2375 505 2447 σι’),ὀτῆς
523 2376 926 2446 φύσεωςλόγος,
955 2380 1052 2448 τὴν
1089 2381 1224 2449 πρὸς
1256 2379 1316 2431 τὸ
1346 2380 1468 2448 φεῦ,
1501 2379 1531 2448 ἦ
1569 2376 1626 2433 εὖ
1661 2382 1830 2450 αὐτῆς

239 2467 536 2536 διελέγχων
560 2470 794 2538 κίνησιν,
818 2470 938 2523 καθ’
966 2471 1034 2539 ἢν
1067 2472 1100 2539 ή
1127 2470 1228 2540 τῆς
1251 2470 1399 2533 θείας
1434 2473 1578 2541 ζωῆς
1615 2472 1830 2541 μέθεξις

241 2559 280 2628 ἢ
304 2558 567 2627 άμεθεξία
602 2560 850 2628 γίνεσθαι
885 2562 1122 2630 πέφυκε.
1155 2563 1310 2615 Κατὰ
1337 2565 1444 2635 γὰρ
1474 2563 1533 2616 τὸ
1561 2560 1699 2617 εἶναι
1735 2566 1826 2618 καὶ

245 2649 337 2701 ἀεὶ
367 2644 525 2714 εἶναι,
554 2651 764 2714 πάντας
796 2652 1006 2717 συνέξει
1038 2654 1230 2724 παρὼν
1257 2657 1286 2707 ὀ
1317 2655 1449 2718 Θεός
1475 2673 1487 2685 ο
1518 2657 1656 2710 κατά
1685 2658 1741 2710 δὲ
1769 2658 1829 2711 τὸ

245 2742 336 2795 ἀεὶ
363 2739 420 2795 εὖ
452 2737 615 2810 εἶναι,
647 2743 842 2815 μόνους
885 2746 1201 2816 ἰδιοτρόπως
1251 2749 1376 2811 τοὺς
1418 2749 1627 2816 ἁγίους,
1661 2751 1829 2818 ἀγγέ-

246 2832 374 2897 λους
401 2853 460 2888 τε
487 2837 582 2889 καὶ
610 2836 955 2907 ἀνθρώπους,
989 2839 1052 2891 τὸ
1082 2839 1170 2893 ἀεὶ
1213 2839 1316 2909 φεῦ
1370 2839 1533 2904 εἶναι,
1589 2844 1702 2905 τοῖς
1759 2842 1832 2914 μὴ

245 2930 512 2994 τοιούτοις
544 2931 620 2994 ώς
644 2933 870 3002 γνώμης
910 2935 1122 3003 καρπὸν
1161 2938 1322 3006 ἀφεὶς
1375 2938 1831 3008 ἐπικιρνώμενον.

1927 2017 2189 2088 operibus
2241 2015 2428 2070 vivida
2481 2014 2784 2083 vigensque
2845 2013 2986 2067 bene
3037 2011 3259 2066 essendi
3323 2011 3502 2073 ratio,

1927 2106 2232 2162 secundum
2250 2121 2412 2175 quam
2432 2103 2634 2158 divina:
2652 2103 2775 2157 vita:
2799 2102 2980 2158 exseri
3001 2111 3380 2173 comparatum
3400 2111 3500 2162 est.

1927 2214 1991 2254 ac
2019 2197 2426 2268 splendescere.

2000 2291 2086 2346 55.
2120 2288 2399 2359 Cujnsqne
2429 2289 2729 2341 voluntatis
2767 2286 2973 2341 trutina
3005 2287 3058 2340 in
3087 2287 3299 2357 judicio
3324 2285 3506 2338 futura

1927 2393 2013 2437 est
2070 2392 2283 2436 naturae
2331 2380 2514 2445 ratio,
2583 2381 2703 2450 ejus
2762 2380 3029 2433 nimirum
3071 2379 3233 2448 599
3281 2380 3346 2432 ad
3404 2379 3505 2431 hoc

1928 2474 2075 2545 quod
2123 2485 2208 2528 est
2237 2473 2375 2526 male
2409 2488 2532 2526 esse
2564 2481 2660 2525 aut
2707 2472 2846 2525 bene
2878 2481 3086 2524 motum
3120 2485 3392 2538 arguens;
3442 2487 3508 2523 ex

1927 2569 2087 2638 cujus
2118 2567 2329 2620 ratione
2363 2576 2476 2629 est,
2511 2573 2573 2618 ut
2601 2564 2799 2618 divina:
2842 2565 2968 2618 vita:
2997 2565 3296 2634 participes
3335 2563 3509 2617 simus

1927 2671 2023 2717 aut
2061 2660 2397 2730 inexpertos.
2427 2657 2876 2724 Qualenuscnim
2908 2657 3019 2710 sint
3039 2671 3102 2710 ac
3133 2672 3350 2725 semper
3376 2656 3507 2716 sint,

1929 2767 2174 2822 prtesens
2203 2751 2347 2805 Deus
2384 2765 2578 2804 omnes
2623 2747 2936 2803 continebit
2977 2788 2990 2801 .
3040 2759 3098 2800 ut
3136 2756 3320 2800 autem
3369 2747 3509 2800 bene

1933 2859 2152 2914 semper
2213 2842 2325 2896 illis
2376 2842 2548 2896 sitae
2594 2850 2864 2910 perpetua
2908 2838 3169 2893 bcatitate
3225 2839 3510 2900 fruantur,

1934 2935 2199 3007 peculiari
2231 2935 2497 2990 duntaxat
2530 2933 2745 2987 ratione
2776 2942 3016 2997 sanctos,
3052 2934 3276 3003 angelos
3307 2935 3513 3004 pariter

247 3031 416 3093 atque
451 3024 731 3089 homines;
770 3027 860 3092 iis,
889 3028 983 3097 qui
1008 3045 1116 3084 non
1166 3032 1440 3101 ejusmodi
1500 3033 1726 3097 fuerint,
1803 3043 2063 3102 tanquam
2109 3044 2302 3084 eorum
2349 3027 2517 3081 animi
2567 3042 2630 3080 ac
2674 3026 2978 3080 voluntatis
3043 3025 3318 3086 fructum.
3363 3042 3510 3080 com-

247 3116 474 3170 mistum
519 3119 860 3189 relinquens,
896 3129 955 3174 ut
988 3122 1072 3176 eis
1099 3138 1315 3193 semper
1343 3123 1485 3180 male
1522 3129 1612 3180 sit.

320 3212 429 3275 vg'.
479 3213 553 3264 Οὐ
594 3214 962 3282 συνεπάγεται
1008 3219 1074 3286 τῇ
1127 3219 1269 3272 κατὰ
1301 3219 1464 3286 φύσιν
1503 3221 1611 3273 τῶν
1646 3223 1703 3288 ἐξ
1756 3216 1829 3275 ὧν
1857 3227 1900 3284 C.

252 3302 583 3373 συνέστηκεν
619 3306 923 3375 ἑτερότητι,
951 3307 1047 3361 καὶ
1077 3309 1178 3378 τὴν
1219 3311 1342 3362 καθ’
1391 3311 1690 3366 ὑπόστασιν
1720 3313 1833 3366 δια-

250 3393 428 3463 φορὰν
461 3393 522 3446 τὸ
549 3396 848 3466 μυστήριον
879 3401 978 3468 τῆς
1013 3398 1166 3460 θείας
1196 3401 1528 3470 σαρκώσεως
1551 3419 1564 3431 ’
1604 3403 1666 3455 τὸ
1708 3403 1830 3472 μὲν,

252 3489 341 3541 ἵνα
376 3490 451 3558 μὴ
478 3489 798 3561 προσθήκην
835 3491 972 3562 λάϐῃ
1001 3493 1063 3546 τὸ
1104 3495 1204 3563 τῆς
1233 3496 1462 3565 Τριάδος
1496 3500 1828 3567 μυστήριον·

250 3581 313 3634 τὸ
339 3581 413 3646 δὲ,
451 3582 537 3634 ἴνα
571 3582 739 3653 μηδὲν
833 3586 899 3656 τῇ
945 3584 1160 3655 θεότητι
1191 3587 1331 3639 κατὰ
1366 3587 1526 3656 φύσιν
1573 3589 1834 3657 ὁμογενὲς

253 3673 346 3724 καὶ
383 3673 692 3743 ὀμοούσιον.
722 3676 826 3729 Δύο
872 3676 980 3746 γὰρ
1042 3677 1258 3744 φύσεων
1320 3680 1455 3749 πρὶς
1509 3680 1830 3742 ὑπόστασιν,

252 3763 372 3816 ἀλλ’
405 3764 466 3817 οὑ
504 3767 640 3837 πρὸς
674 3768 835 3835 φύσιν
876 3770 1004 3837 μίαν
1049 3775 1240 3838 γέγονε
1298 3771 1553 3834 σύνοδοςο
1610 3773 1698 3824 ἵνα
1739 3773 1835 3826 καὶ

253 3855 316 3908 τὸ
346 3854 469 3909 καθ’
494 3856 792 3911 ὑπόστασιν
825 3858 882 3910 ἓν
913 3861 976 3911 ἐκ
1006 3860 1114 3913 τῶν
1135 3861 1392 3932 ἀλλήλαις
1409 3863 1834 3933 συνδραμουσῶν

255 3946 476 4015 φύσεων
507 3948 692 4020 δειχθῇ
723 3951 864 4004 κατά
887 3953 986 4022 τὴν
1010 3953 1208 4006 ἕνωσιν
1241 3955 1704 4023 ἀποτελούμενον,
1738 3960 1832 4010 καὶ

255 4039 319 4091 τὸ
355 4039 610 4112 διάφορον
633 4042 739 4095 τῶν
777 4044 1140 4096 συνελθόντων
1167 4045 1304 4116 πρὸς
1330 4045 1428 4114 τὴν
1468 4047 1836 4103 ἀδιάσπαστον

257 4129 454 4186 ἕνωσιν
486 4131 628 4186 κατὰ
653 4133 752 4204 τὴν
784 4135 1021 4206 φυσικὴν
1058 4136 1303 4206 ἰδιότητα
1332 4138 1620 4208 πιστευθῇ,
1655 4142 1838 4208 πάσης

258 4223 418 4288 ἐκτὸς
447 4224 607 4296 μένον
633 4227 846 4299 τροπῆς
874 4228 967 4280 καὶ
1002 4228 1331 4298 συγχύσεως.

328 4399 428 4464 νίζ’.
458 4401 534 4454 Οὐ
557 4401 789 4472 λέγομεν
806 4403 899 4455 ἐπὶ
920 4403 1156 4473 Χριστοῦ
1179 4404 1441 4474 διαφορὰν
1465 4408 1836 4474 ὑποστάσεων,

260 4493 346 4546 ὅτι
374 4491 549 4564 τριὰς
582 4493 896 4565 μεμένηκεν
928 4497 960 4564 ἡ
991 4495 1183 4565 Τριὰς,
1219 4499 1310 4549 καὶ
1337 4498 1714 4567 σαρκωθέντος
1743 4499 1836 4553 τοῦ

2005 3217 2090 3269 56.
2125 3215 2333 3270 Divina:
2384 3212 2784 3268 incarnationis
2837 3211 3194 3283 mysterium,
3255 3226 3366 3263 non
3409 3226 3514 3264 una

1936 3324 2062 3361 cum
2084 3323 2301 3366 eorum,
2327 3323 2394 3360 ex
2423 3306 2626 3375 quibus
2651 3314 2882 3362 constat.
2915 3303 3150 3357 naturali
3173 3302 3514 3365 diversitate,

1936 3401 2103 3454 etiam
2151 3399 2500 3468 personalem
2553 3397 2720 3452 infert
2769 3397 3184 3450 distinctionem
3228 3411 3241 3447 :
3280 3397 3516 3448 alterum

1936 3493 2160 3562 quidem
2188 3533 2201 3555 ,
2232 3501 2291 3544 ut
2329 3491 2540 3544 nullum
2588 3489 2878 3544 Trinitatis
2929 3490 3253 3558 mysterium
3305 3487 3520 3542 addita-

1936 3595 2184 3638 mentum
2213 3582 2486 3651 accipiat;
2517 3580 2754 3634 altermn
2793 3595 2945 3642 vero,
2982 3590 3042 3633 nt
3089 3577 3226 3631 nihil
3276 3593 3373 3646 per
3417 3593 3518 3630 ria--

1937 3686 2115 3730 turam
2161 3673 2355 3726 deitati
2410 3681 2855 3741 congenerumct
2905 3669 3377 3725 consubstantiale
3424 3684 3516 3721 cx-

1937 3767 2112 3820 sis:at.
2146 3765 2271 3818 Dine
2288 3761 2434 3817 enim
2461 3773 2672 3817 natura:
2691 3762 2744 3815 in
2769 3777 2933 3814 unam
2963 3776 3256 3832 personam
3277 3759 3515 3815 coivcre.

1938 3876 2047 3912 non
2099 3859 2152 3910 in
2210 3873 2372 3910 unam
2414 3864 2691 3917 naturam,
2724 3861 2782 3908 ιιι
2820 3864 2934 3907 ιιιιιι
2985 3852 3296 3922 personalis
3340 3852 3520 3904 unitas

1937 3967 2001 4004 ex
2059 3961 2382 4004 naturarum
2432 3947 2579 4000 inter
2639 3961 2696 4000 se
2753 3962 3027 4000 concursu
3074 3961 3172 4014 per
3217 3945 3517 3999 unitlonem

1939 4051 2266 4113 putesceret,
2295 4049 2409 4094 tum
2443 4041 2903 4093 concurrentium
2937 4039 3004 4092 ad
3040 4039 3330 4094 indivisam
3366 4040 3522 4092 unin-

1937 4152 2062 4190 nem
2109 4134 2344 4189 naturali
2402 4132 2742 4202 proprietate
2819 4133 3109 4187 distinctio
3139 4173 3153 4196 ,
3203 4142 3357 4186 extra
3399 4149 3520 4186 om-

1941 4245 2066 4283 nem
2102 4228 2465 4282 mutationem
2490 4240 2554 4279 ac
2606 4226 2994 4280 confusionem
3045 4227 3363 4281 crederetur
3413 4243 3522 4279 ma-

1943 4339 2095 4399 nere.

2014 4415 2101 4470 57.
2153 4415 2520 4469 Personarum
2569 4415 2625 4469 in
2656 4412 2878 4468 Christo
2909 4411 3328 4466 distinctionem
3374 4413 3521 4466 haud

1942 4507 2198 4572 dicimus,
2235 4507 2383 4577 quod
2416 4507 2660 4561 Trinitas
2717 4506 2959 4560 Trinitas
2986 4505 3272 4568 manserit,
3309 4514 3525 4572 postea-

261 4583 458 4653 Λόγου,
493 4585 810 4657 προσθήκης
849 4588 1141 4659 προσώπου
1190 4589 1250 4642 οὐ
1297 4589 1743 4660 προσγενομένης
1770 4593 1830 4660 τῇ

1942 4616 2106 4670 quam
2133 4597 2302 4653 etiam
2332 4599 2574 4654 Verbum
2602 4613 2824 4652 carnem
2866 4597 3204 4666 assumpsit;
3266 4598 3414 4648 nulla
3458 4611 3522 4647 ex

262 4679 396 4751 ἁγίᾳ
433 4679 627 4750 Τριάδι
654 4679 739 4733 διὰ
763 4679 863 4751 τὴν
891 4680 1168 4751 σάρκωσιν
1191 4699 1204 4713 ο
1249 4681 1480 4750 λέγομεν
1524 4681 1579 4733 δὲ
1621 4682 1839 4750 φύσεων

261 4771 546 4842 διαφορὰν,
576 4772 661 4824 ἵνα
705 4771 779 4842 μὴ
810 4772 886 4842 τῷ
919 4773 1078 4843 Λόγῳ
1127 4774 1268 4826 κατὰ
1303 4774 1400 4844 τὴν
1443 4773 1604 4843 φύσιν
1642 4774 1839 4844 ὀμοού-

266 4879 380 4916 σιον
409 4862 507 4932 τὴν
547 4864 726 4932 σάρκα
752 4863 1165 4933 πρεσϐεύωμεν.

338 4953 440 5025 νηο.
491 4955 549 5008 '0
601 4955 907 5036 etiam
963 4957 1177 5025 φύσεων
1232 4960 1514 5029 διαφσράν.
1566 4961 1665 5013 οὐκ
1728 4961 1839 5029 Ex“

263 5049 430 5100 πόθεν
488 5048 865 5101 πιστώσασθαι
908 5049 1008 5111 τὴν
1054 5051 1135 5101 ὅτι
1168 5051 1358 5118 γέγονε
1404 5052 1542 5123 σάρξ
1588 5055 1615 5104 ὁ
1671 5053 1839 5120 Λόγος

264 5139 387 5211 δίχα
432 5140 640 5211 τροπῆς
685 5140 1013 5210 ὁμολογίανο
1074 5144 1148 5212 μὴ
1192 5143 1477 5211 γινώσκων
1536 5145 1842 5214 σωζόμενον

266 5232 407 5287 κατά
458 5233 554 5300 τὴν
607 5231 768 5302 φύσιν
822 5234 881 5285 ἐν
933 5237 998 5304 τῇ
1047 5237 1146 5306 μιᾷ
1178 5235 1272 5289 τοῦ
1317 5237 1432 5300 ἐνὸς
1468 5237 1704 5304 Χριστοῦ
1750 5241 1842 5294 καὶ

338 5414 465 5472 σοι.
499 5414 564 5470 ad
597 5414 753 5469 Tha].
784 5432 838 5485 q.
869 5415 954 5469 (δε.

269 5583 468 5640 linitati
498 5598 623 5636 cum
653 5590 864 5636 natura:
891 5580 1202 5634 rationibus
1249 5585 1567 5635 conveneiit
1593 5600 1604 5646 ;
1643 5584 1709 5637 (le.
1736 5601 1834 5638 na-

270 5664 393 5708 tura
422 5661 608 5706 sanata
629 5662 684 5706 et
705 5653 952 5706 instituta
978 5668 1075 5721 per
1101 5651 1351 5721 gratiam,
1383 5653 1606 5705 omnino
1629 5655 1835 5707 intelli-

271 5725 509 5794 gendum
560 5740 666 5774 non
698 5723 763 5775 de
813 5722 927 5791 ipsa
952 5733 1222 5791 quatenus
1257 5721 1313 5794 in
1339 5723 1496 5776 nobis
1543 5741 1606 5776 ex
1655 5735 1836 5777 trans-

275 5792 557 5863 gressione
600 5804 705 5861 pro
727 5802 952 5862 peccato
979 5794 1244 5848 inolevit:
1285 5792 1353 5848 de
1385 5803 1577 5847 natura
1616 5796 1836 5850 (lC-illiilli

275 5864 501 5934 qualisa
539 5866 646 5918 Deo
683 5864 900 5918 condita
931 5863 1053 5929 fuit,
1079 5863 1313 5934 imagine
1346 5874 1536 5920 ornata
1581 5879 1636 5920 et.
1683 5866 1838 5919 simi-

1939 4690 2321 4744 incarnatione
2355 4697 2561 4746 saneta:
2583 4688 2840 4743 Trinitati
2887 4689 3028 4742 facta
3067 4704 3312 4757 personae
3343 4704 3526 4742 acces-

1935 4779 2113 4834 sione.
2173 4779 2509 4833 Naturarum
2566 4791 2748 4832 tamen
2800 4779 3214 4833 distinctionem
3265 4779 3523 4840 dit-inuis,

1941 4890 2007 4928 ue
2039 4889 2260 4928 carnem
2295 4873 2479 4928 Verbo
2509 4872 3048 4926 consubstantialem
3097 4871 3417 4926 sentiamus.

2009 4963 2095 5019 58.
2129 4965 2232 5030 Qui
2265 4975 2587 5018 naturarum
2616 4964 3035 5017 distinctionem
3076 4979 3186 5017 non
3214 4943 3522 5032 profitetur,

1950 5073 2060 5111 non
2087 5056 2253 5110 habet
2286 5060 2429 5111 unde
2457 5065 2673 5110 astrnat
2707 5058 2855 5126 quod
2886 5056 3126 5111 Verbum
3155 5057 3359 5109 factum
3399 5072 3524 5110 car-

1949 5162 2097 5211 nem,
2147 5147 2286 5200 citra
2336 5163 2556 5201 onmem
2595 5147 2961 5200 mutationem
3004 5147 3372 5207 confitemur;
3429 5145 3524 5213 qui

1952 5253 2147 5309 nempe
2196 5256 2303 5293 non
2358 5240 2647 5309 inteliigat,
2697 5240 2790 5293 uni
2847 5240 3010 5293 unius
3054 5239 3151 5292 Dei
3206 5253 3270 5292 ac
3316 5237 3522 5292 Christi

1971 5582 2218 5646 litndine,
2250 5582 2433 5650 inqua
2463 5581 2632 5635 divini
2664 5582 2949 5635 clucerent
2995 5581 3362 5640 characteres,
3414 5597 3520 5634 ιιυίι

1947 5655 2034 5707 cui
2071 5653 2310 5706 obducta
2334 5669 2397 5705 ex
2433 5659 2656 5720 peccato
2683 5652 2973 5705 brutorum
3019 5651 3133 5719 ipsa
3161 5651 3303 5718 πάθη
3351 5651 3522 5719 (libi-

1947 5725 2104 5779 dines
2124 5723 2376 5790 scilicet).
2405 5723 2625 5775 virtulis
2647 5723 2798 5775 cultu
2823 5737 2884 5774 ac
2906 5721 3296 5776 exercitatione
3315 5740 3344 5775 a
3366 5721 3527 5776 llobrs

1947 5793 2294 5852 excutienda.
2325 5801 2384 5846 ut
2407 5793 2592 5846 divina
2618 5792 2672 5845 in
2697 5792 2856 5845 nobis
2879 5793 3215 5848 instaurctnr
3243 5793 3525 5859 vita,qtmd

1952 5882 2058 5920 non
2084 5864 2245 5919 aliter
2276 5863 2562 5926 habemus,
2604 5879 2767 5930 quam
2791 5862 2994 5918 Christi
3025 5864 3216 5932 gratia.
