4184 6436
683 379 817 442 1335

1843 375 1906 432 S.
1947 374 2234 434 MAXIMI
2275 376 2786 442 CUNFESSURKS

3833 378 3962 441 1335

676 494 840 567 692
867 492 1119 561 religiose
1142 492 1330 544 vivere
1360 488 1738 550 constituerit,
1765 503 1875 541 non
1905 495 1993 542 est
2018 489 2264 558 perfecte

2382 492 2501 546 Θεὸν
2534 493 2634 564 ζῇν
2664 495 3056 566 προελόμενος,
3093 493 3194 548 καὶ
3225 493 3303 565 μὴ
3339 493 3569 557 τελείως
3612 493 3693 562 τῷ
3736 492 3969 563 παρόντι

683 594 935 637 nmrtuus
977 582 1108 636 huic
1142 578 1367 641 saeculo,
1392 576 1627 631 mendax
1652 590 1716 630 ac
1748 576 2008 645 perjurus
2036 584 2144 637 est;
2166 576 2262 644 qui

680 674 905 743 quidem
942 673 1056 726 Deo
1088 667 1362 740 iuraverit
1393 666 1616 737 (nempe
1662 665 1983 736 promiserit
2022 666 2267 719 voverit-

680 766 810 836 que)
858 763 1199 831 inculpatum
1249 759 1308 813 in
1367 757 1974 817 divinissermonibus
2017 771 2264 820 cursum,

682 874 785 913 nec
840 864 1021 912 tamen
1067 853 1420 924 impleverit;
1479 851 1687 921 quique
1739 850 1877 904 adeo
1931 849 2085 903 nulla
2137 848 2269 902 hinc

682 948 843 1004 laude
873 948 1076 1018 dignus
1111 946 1205 1001 sit.
1256 944 1586 999 Laudabitur
1622 942 1792 1006 enim,
1848 941 2048 1010 inquit,
2095 941 2267 994 omnis

682 1042 771 1112 qui
795 1041 950 1110 jurat
992 1040 1048 1093 in
1083 1055 1141 1092 eo
1177 1038 1220 1070 ³¹
1249 1079 1264 1103 ,
1296 1036 1404 1090 hoc
1456 1043 1562 1095 est,
1615 1034 1799 1088 omnis
1844 1034 1940 1102 qui
1975 1045 2104 1085 cum
2153 1030 2268 1084 Deo

683 1132 928 1186 divinam
978 1129 1196 1184 voverit
1236 1128 1364 1181 vita:
1396 1125 1667 1180 rationem
1694 1164 1709 1189 ,
1762 1123 1998 1178 veritate
2030 1137 2266 1193 operum

677 1223 931 1294 iustitiae,
963 1222 1122 1278 bona:
1156 1218 1518 1290 professionis
1542 1219 1770 1288 votique
1811 1218 2134 1290 iuramenta
2168 1217 2265 1272 ad-

682 1315 896 1384 implet.

755 1405 843 1459 68.
875 1402 979 1470 Qui
1012 1401 1130 1457 sola
1169 1415 1487 1457 sermonum
1518 1398 1829 1470 prolatione
1856 1398 2147 1452 scientiam
2193 1395 2271 1450 si-

683 1496 925 1558 mulans,
982 1493 1038 1547 in
1080 1508 1237 1547 suam
1273 1492 1392 1562 ipse
1424 1489 1657 1559 gloriam
1707 1487 2032 1542 auditorum
2072 1485 2268 1540 furtim

683 1586 856 1640 trahit
895 1586 1186 1650 animum;
1238 1598 1304 1637 ac
1345 1579 1598 1652 perinde,
1646 1579 1743 1649 qui
1783 1579 2062 1634 exteriore
2114 1577 2268 1632 cultu

683 1677 1069 1747 moribusque,
1093 1674 1318 1730 virtutis
1345 1673 1562 1744 objecta
1579 1673 1753 1739 larva,
1778 1671 1835 1726 in
1864 1686 2018 1727 suam
2037 1670 2268 1742 gloriam

684 1773 879 1828 furtim
913 1769 1108 1826 itidem
1143 1808 1159 1834 ,
1209 1767 1478 1822 virtutem
1531 1764 1847 1820 simulando
1892 1773 2270 1833 spectatorum

2376 585 2477 655 βίῳ
2506 586 3156 657 νεκρούμενος,ψεύστης
3184 585 3304 639 ἐστὶ
3328 585 3425 639 καὶ
3451 584 3737 656 ἐπίορκος,
3767 584 3969 653 ὀμόσας

2378 677 2476 745 μὲν
2503 676 2581 748 τῷ
2610 677 2752 748 Θεῷ,
2787 679 3088 742 τουτέστιν,
3121 677 3601 750 ἐπαγγειλάμενος
3633 676 3728 730 τὸν
3769 678 3831 730 ἐν
3858 680 3969 740 τοῖς

2376 769 2542 832 θείοις
2562 769 2772 838 ἀγῶσιν
2803 770 3102 847 ἄμεμπτον
3128 771 3354 842 δρόμον,
3395 769 3494 824 καὶ
3527 771 3606 843 μὴ
3641 769 3967 840 πληρώσας,

2375 856 2471 909 καὶ
2516 855 2604 911 διὰ
2627 856 2789 911 τοῦτο
2818 859 3088 930 μηδαμῶς
3130 859 3552 930 ἐπαινούμενος.
3616 859 3966 926 Ἐπαινεθή-

2374 962 2545 1002 aetat
2565 948 2677 1021 γὰρ
2695 950 2817 1018 πᾶς
2838 955 2872 1006 ό
2899 954 3142 1022 ὀμνύων
3171 954 3243 1007 ἐν
3270 951 3453 1018 αὐτῷ,
3485 953 3765 1017 τουτέστι,
3798 954 3908 1016 πᾶς
3940 954 3970 1004 ό

2376 1038 2454 1108 τῷ
2474 1039 2596 1111 Θεῷ
2622 1041 2714 1094 τὸν
2742 1041 2928 1097 ένθεον
2961 1045 3439 1115 ἐπαγγειλάμενος
3471 1045 3611 1114 βίον,
3644 1045 3746 1099 καὶ
3764 1044 3856 1098 διὰ
3873 1045 3970 1114 τῆς

2374 1130 2635 1201 ἀληθείας
2672 1134 2784 1187 τῶν
2816 1136 2998 1205 ἔργων
3041 1136 3145 1206 τῆς
3192 1137 3545 1207 δικαιοσύνης
3594 1137 3730 1200 τοὺς
3773 1137 3969 1208 ὅρκους

2378 1223 2607 1296 πληρῶν
2637 1227 2739 1297 τῆς
2765 1229 2940 1299 καλῆς
2972 1230 3342 1301 ὑποσχέσεως.

2449 1418 2551 1489 Er".
2596 1421 2654 1475 '0
2681 1423 2826 1476 κατά
2859 1424 3028 1496 μόνην
3054 1426 3161 1495 τὴν
3186 1428 3246 1480 ἐν
3273 1430 3388 1490 τοῖς
3424 1427 3608 1497 λόγοις
3661 1426 3970 1498 προςοράν,

2379 1511 2582 1579 γνῶσιν
2615 1515 3067 1589 ὑποκρινόμενος,
3112 1520 3254 1591 πρὸς
3290 1519 3454 1585 δόξαν
3489 1520 3707 1575 οἰκείαν
3735 1519 3838 1591 τὴν
3865 1520 3973 1573 τῶν

2376 1604 2685 1661 ἀκουόντων
2716 1608 2943 1664 κλέπτει
2969 1611 3209 1665 διάνοιαν
3231 1629 3248 1646 ·
3299 1612 3396 1665 καὶ
3434 1614 3465 1666 ὀ
3507 1615 3624 1676 τοῖς
3668 1612 3830 1683 ἤθεσι
3876 1615 3975 1679 τὴν

2376 1697 2580 1767 ἀρετὴν
2608 1698 3055 1771 ὕποκρινόμενος,
3102 1702 3246 1773 πρὸς
3289 1703 3451 1769 δόξαν
3487 1702 3702 1756 οἰκείαν
3746 1701 3976 1754 κλέπτει

2378 1784 2487 1839 τῶν
2518 1787 2810 1861 θεωμένων
2827 1790 2929 1859 τὴν
2947 1792 3140 1863 ὅρασιν
3162 1808 3178 1825 ⁸
3210 1792 3310 1846 καὶ
3332 1791 3401 1845 δι’
3429 1792 3650 1861 ἀπάτης
3669 1790 3977 1860 άμςσότεροι

685 1865 861 1922 trahit
889 1870 1172 1933 aspectum
1196 1878 1211 1927 ;
1244 1860 1396 1915 furto
1414 1859 1750 1928 obrepentes
1772 1857 2028 1911 simulate
2056 1855 2279 1921 fallunt,

2384 1854 2728 1948 κλέπτοντες,
2786 1854 3084 1952 πλανῶσιν,
3130 1887 3160 1939 ό
3214 1885 3339 1956 μὲν,
3368 1854 3615 1940 διάνοιαν
3658 1854 3843 1954 ψύχξς
3868 1854 3977 1935 τῶν

687 1960 830 2014 alter
858 1955 1178 2011 auditorum
1217 1962 1482 2015 mentem,
1517 1952 1658 2005 alter
1688 1949 2004 2005 videntium
2027 1949 2281 2018 corporis

689 2066 935 2107 sensum.

761 2143 848 2198 69.
882 2142 939 2197 Si
967 2141 1195 2197 omnino
1223 2136 1445 2193 laudem
1471 2134 1660 2199 habet,
1713 2134 1810 2205 qui
1857 2151 1923 2190 ea
1953 2149 2079 2205 quae
2104 2132 2278 2199 vovit,

690 2234 978 2303 adimplet,
1007 2242 1071 2287 ut
1104 2231 1200 2302 qui
1223 2231 1373 2302 juret
1392 2226 1449 2282 in
1474 2227 1609 2291 Deo,
1637 2241 1740 2281 nec
1760 2242 1790 2281 a
1816 2241 1950 2281 vero
1978 2226 2279 2296 quidquam

689 2326 992 2391 abscedat;
1050 2323 1233 2394 liquet
1286 2321 1482 2388 utique
1543 2318 1750 2388 probro
1814 2317 2115 2372 obnoxium
2162 2316 2279 2371 fore

692 2416 1116 2489 ignominiaque
1139 2410 1471 2474 notandum,
1511 2408 1607 2478 qui
1637 2422 1736 2462 sua
1769 2407 1885 2477 ipse
1914 2416 2076 2477 pacta
2110 2406 2282 2461 fuerit

690 2508 1115 2582 prrevaricatus,
1147 2513 1209 2559 ut
1231 2502 1327 2574 qui
1350 2502 1549 2573 jurans
1572 2501 1628 2555 in
1653 2501 1768 2554 Deo
1793 2500 2062 2554 mentitus
2111 2499 2207 2554 sit.

767 2600 856 2655 70.
890 2598 1015 2659 Non
1045 2595 1227 2650 omnis
1265 2594 1433 2648 homo
1460 2591 1555 2662 qui
1578 2589 1731 2645 venit
1752 2590 1809 2644 in
1834 2590 1987 2645 hunc
2011 2589 2279 2644 mundum

695 2691 926 2745 etnnino
960 2704 992 2744 a
1034 2686 1216 2743 Verbo
1260 2683 1610 2740 illuminatur
1642 2683 1731 2734 ³¹ε
1769 2681 1929 2736 multi
1979 2681 2130 2735 enim
2168 2697 2279 2735 non

693 2782 995 2839 iiluminati
1030 2786 1279 2842 manent,
1311 2791 1417 2832 nec
1445 2776 1567 2846 ejus
1588 2775 1750 2854 lucis,
1775 2790 1897 2845 qure
1922 2775 1976 2829 in
1996 2776 2281 2843 agnitione

691 2875 876 2946 posita
910 2883 1017 2938 est,
1056 2879 1384 2942 compotes;
1416 2867 1515 2924 sed
1554 2868 1716 2938 plane
1758 2867 1939 2922 omnis
1966 2867 2154 2932 homo,
2184 2868 2281 2937 qui

694 2968 867 3023 animi
893 2965 1181 3022 voluntate
1216 2963 1273 3017 in
1294 2976 1492 3017 verum
1519 2959 1790 3033 virtutum
1814 2957 2081 3012 mundum
2103 2958 2279 3015 venit.

695 3058 891 3115 Omnis
912 3057 1061 3114 enim
1088 3055 1184 3127 qui
1215 3069 1349 3110 vere
1370 3052 1687 3109 voluntaria
1723 3050 2011 3106 nativitate
2040 3051 2099 3106 in
2131 3050 2282 3106 hunc

694 3151 968 3208 mundum
995 3149 1169 3213 venit,
1201 3149 1433 3203 omnino
1466 3162 1497 3200 a
1523 3144 1705 3201 Verbo
1737 3144 2084 3199 illuminatur
2110 3183 2126 3209 ,
2170 3143 2278 3198 im-

698 3242 963 3298 mobilem
993 3211 1222 3295 virtutis
1244 3225 1443 3295 nactus
1462 3236 1738 3302 habitum,
1755 3249 2011 3306 vcrzeque
2035 3235 2281 3291 scientia:
2309 3211 2353 3270 δ

697 3344 911 3391 certam
937 3332 1215 3391 notitiam.

775 3517 863 3572 71.
888 3515 1012 3572 Non
1041 3529 1236 3570 omnes
1275 3528 1527 3585 personae
1558 3513 1770 3584 pariter
1802 3522 1967 3583 atque
2007 3528 2117 3576 res,
2162 3528 2285 3582 quze

701 3608 899 3666 eodem
936 3616 1240 3664 censentur
1284 3607 1558 3663 vocabulo
1582 3647 1597 3672 ,
1636 3622 1802 3661 unam
1845 3606 2076 3661 omnino
2116 3613 2283 3676 atque

703 3701 957 3758 eamdem
987 3716 1184 3756 sensus
1221 3699 1491 3771 spiritalis
1515 3699 1941 3770 inteliigentiam
1969 3698 2280 3769 rccipiunt;

703 3795 803 3850 sed
840 3794 1062 3865 singula
1084 3809 1206 3864 qua:
1238 3794 1502 3849 dicuntur
1534 3808 1636 3862 pro
1678 3791 1926 3862 subjecta
1954 3791 2077 3847 loco
2115 3806 2285 3847 sacra:

704 3886 1010 3957 Scriptum
1036 3887 1091 3940 vi
1118 3886 1492 3956 intelligamus
1521 3898 1751 3939 necesse
1774 3890 1883 3946 est,
1907 3883 1952 3937 si
1979 3882 2143 3937 modo
2173 3898 2285 3952 quo

704 3986 961 4047 spectent
993 3993 1055 4032 ea
1080 3994 1203 4048 qum
1229 3977 1432 4048 scripta
1455 3985 1588 4031 sunt
1615 3975 1721 4030 rite
1772 3976 2091 4045 conjectura
2137 3990 2286 4030 asse-

704 4066 888 4120 cuturi
917 4082 1126 4121 sumus.

774 4158 862 4212 72.
900 4159 1061 4213 Nulla
1091 4159 1527 4229 perscripturum
1565 4156 1864 4227 Scriptum:
1889 4173 2282 4227 personarum,

706 4250 917 4304 nihilve
970 4250 1221 4305 locorum
1263 4257 1359 4304 aut
1397 4247 1634 4302 aliarum
1690 4263 1874 4302 rerum
1916 4249 2282 4303 animatarum

706 4343 918 4415 pariter
947 4342 1254 4412 artiumque
1284 4342 1619 4412 expertium,
1649 4341 2046 4410 scnsiliumquc
2079 4349 2135 4395 et
2163 4358 2285 4411 qua:

706 4434 823 4489 sola
851 4443 1037 4489 mente
1064 4433 1466 4503 intelligantur,
1489 4447 1610 4487 uno
1627 4447 1850 4500 semper
1869 4432 2033 4503 603
2063 4432 2285 4487 codem-

707 4539 816 4595 que
837 4526 1001 4580 modo
1017 4524 1451 4589 consideratum,
1500 4522 1745 4592 undique
1771 4522 1875 4576 sibi
1894 4523 2283 4588 cohmrentcm,

704 4618 785 4671 rei
809 4627 977 4688 gesta:
1004 4616 1381 4671 narrationem
1408 4626 1506 4669 aut
1526 4630 1747 4670 sensum
1771 4616 2075 4685 spiritalem
2100 4616 2285 4670 habet.

702 4709 918 4765 Idcirco
946 4723 1132 4778 operae
1161 4705 1427 4777 pretium,
1465 4715 1527 4760 ut
1555 4705 1648 4776 qui
1696 4717 1851 4761 certa
1882 4707 2116 4762 veritate
2150 4708 2290 4762 divi—

703 4817 833 4858 nam
868 4800 1172 4870 Scriptura:
1194 4807 1548 4854 consectatur
1581 4799 1999 4869 intelligentiam
2022 4842 2037 4865 ,
2069 4817 2169 4870 pro
2191 4817 2289 4857 eo-

702 4910 827 4949 rum
864 4909 988 4964 qua:
1011 4901 1165 4962 gesta
1190 4896 1289 4945 aut
1322 4905 1446 4961 qua:
1477 4890 1624 4945 dicta
1658 4889 1981 4946 referuntur
2020 4892 2295 4948 discrimi-

705 5003 776 5042 ne
796 5026 811 5050 ,
872 4983 1149 5039 recensita
1194 4982 1412 5052 singula
1436 4981 1809 5037 diversimode
1846 4983 2245 5053 interpretetur
2273 5028 2288 5053 ,

705 5080 900 5148 eisque
934 5074 1357 5132 convenientem
1394 5090 1498 5145 pro
1540 5076 1664 5131 loco
1701 5086 1797 5131 aut
1838 5084 2082 5147 tempore
2122 5078 2286 5148 spiri-

707 5171 877 5223 talem
904 5169 1006 5223 rite
1031 5182 1256 5223 sensum
1294 5166 1613 5222 distribuat.

781 5261 869 5316 75.
899 5258 1141 5314 Doeendi
1169 5267 1298 5313 sunt
1324 5274 1520 5315 omnes
1546 5259 1642 5330 qui
1672 5260 1729 5315 in
1756 5260 1904 5315 omni
1932 5260 2138 5315 mundo
2162 5278 2288 5317 ver-

706 5363 923 5420 santur,
952 5362 1015 5408 ut
1041 5352 1157 5408 sola
1184 5353 1397 5407 ratione
1421 5353 1609 5407 vivant
1637 5366 1930 5422 moresque
1964 5351 2284 5421 instituant;

707 5457 968 5517 tantaque
998 5443 1325 5514 corporibus
1358 5460 1487 5499 cura
1523 5443 1934 5513 impenduntur,
1961 5455 2164 5514 quanta
2192 5462 2287 5501 nc-

706 5556 862 5597 ccsse
896 5547 983 5594 est
1016 5546 1078 5593 ut
1113 5538 1286 5592 multa
1323 5537 1691 5592 sollicitudine
1726 5552 1789 5591 ac
1822 5536 2105 5606 diligentia
2156 5554 2275 5607 pro-

782 5697 823 5726 ³⁸
855 5695 995 5749 Psal.
1028 5710 1154 5759 Lxu,
1184 5694 1269 5746 12.
1348 5694 1392 5725 ³⁸
1418 5693 1572 5748 Joan.
1615 5709 1650 5755 ι,
1676 5693 1726 5746 ξ).

779 5810 797 5830 ⁹
824 5807 906 5864 Cf.
936 5810 1003 5864 ad
1027 5809 1185 5864 'l'hal.
1216 5826 1269 5879 (ί.
1297 5810 1363 5864 65
1386 5819 1437 5863 ct
1470 5809 1535 5863 (5.1
1572 5808 1707 5862 infra:
1740 5807 1803 5862 ad
1840 5822 1990 5862 num.
2023 5806 2107 5861 7:2.

2379 1974 2709 2041 ἀκουόντων,
2758 1976 2788 2028 ό
2817 1975 2896 2042 δέ,
2929 1975 3039 2030 τῶν
3072 1976 3366 2047 θεωμένων
3403 1974 3662 2044 σώματος
3691 1976 3975 2046 αἴσθησιν.

2452 2148 2552 2222 ξθ’.
2585 2155 2650 2208 El.
2682 2154 2902 2217 πάντως
2934 2153 3156 2207 ἔπαινον
3182 2153 3299 2224 ἔχει
3325 2154 3483 2209 ὁτῶν
3510 2152 3736 2207 οἰκείων
3760 2152 3984 2222 πληρω-

2378 2246 2479 2317 τὴς
2509 2243 2877 2314 ἐπαγγελιῶν,
2908 2244 2985 2309 ὡς
3024 2245 3247 2316 ὀμνύων
3278 2246 3339 2299 ἐν
3374 2246 3456 2315 τῷ
3495 2244 3640 2315 Θεῷ,
3689 2243 3790 2298 καὶ
3841 2243 3981 2311 άλη-

2382 2337 2588 2392 θεύων·
2649 2338 2812 2408 δῆλον
2843 2338 2926 2391 ὅτι
2970 2337 3139 2408 ψόγον
3188 2338 3302 2402 aeu
3336 2337 3434 2391 καὶ
3469 2336 3722 2406 ἀτιμίαν,
3786 2337 3816 2388 ὁ
3867 2332 3983 2386 τῶν

2380 2432 2600 2484 οἰκείων
2628 2430 2913 2502 συνθηκῶν
2947 2429 3278 2502 παραϐάτης
3323 2428 3630 2499 γινόμενος,
3662 2427 3742 2491 ὡς
3766 2426 3983 2497 ὀμόσας

2380 2525 2440 2576 ἐν
2470 2522 2549 2593 τῷ
2585 2522 2731 2591 Θεῷ,
2767 2521 2865 2577 καὶ
2889 2522 3258 2593 ψευσάμενος.

2452 2622 2515 2671 0'.
2548 2619 2563 2635 '
2589 2614 2667 2668 Οὐ
2710 2616 2822 2680 πᾶς
2863 2614 3154 2685 ἄνθρωπος
3192 2617 3276 2678 είς
3310 2614 3503 2668 τοῦτον
3547 2613 3853 2685 ἐρχόμενος
3889 2612 3987 2665 τὴν

2381 2707 2611 2777 κόσμον,
2650 2706 2755 2760 ὑπὸ
2782 2706 2881 2760 τοῦ
2928 2708 3104 2776 Λόγου
3139 2708 3362 2771 πάντως
3402 2705 3738 2776 φωτίζεται·
3784 2704 3988 2758 πολλοὶ

2381 2798 2493 2868 γάρ
2517 2797 2813 2870 ἀφώτιστοι
2846 2799 3181 2869 διαμένουσι,
3233 2799 3329 2852 καὶ
3355 2798 3451 2851 τοῦ
3500 2797 3625 2851 κατ’
3673 2797 3989 2865 ἐπίγνωσιν

2382 2892 2643 2962 ἁμέτοχοι
2668 2891 2849 2960 φωτός
2866 2905 2882 2921 ⁸
2926 2890 3065 2943 ἀλλά
3097 2889 3260 2959 δῆλον
3283 2890 3367 2942 ὅτι
3389 2890 3500 2953 πᾶς
3529 2888 3826 2959 ἄνθρωπος
3857 2888 3991 2939 κατ’

2382 2984 2590 3038 οἰκείαν
2622 2984 2874 3055 γνώμην,
2913 2984 2996 3045 είς
3050 2982 3142 3036 τὸν
3188 2980 3366 3053 άληθῆ
3409 2980 3616 3051 κόσμον
3668 2979 3989 3049 ἐρχόμενος

2382 3078 2492 3132 τῶν
2522 3077 2754 3149 ἀρετῶν.
2777 3077 2892 3140 Πᾶς
2917 3076 3028 3146 γὰρ
3044 3076 3076 3129 ὀ
3102 3073 3224 3129 κατ’
3248 3072 3511 3144 ἀλήθειαν
3535 3071 3626 3126 διά
3647 3071 3751 3143 τῆς
3782 3069 3989 3124 αὐθαι-

2389 3170 2543 3242 ρέτου
2570 3171 2878 3240 γεννήσεως
2922 3170 3004 3232 εἰς
3031 3165 3221 3221 τοῦτον
3260 3165 3559 3236 ἐρχόμενος
3599 3160 3698 3215 τὸν
3742 3161 3989 3230 κόσμον,

2386 3264 2493 3317 ὑπὸ
2530 3262 2625 3316 τοῦ
2667 3261 2842 3330 Λόγου
2886 3260 3106 3322 πάντως
3153 3257 3475 3328 φωτίζεται,
3520 3253 3817 3325 λαμϐάνων
3868 3252 3994 3316 ἕξιν

2389 3357 2588 3428 ἀρετῆς
2617 3353 3043 3425 ἀμετακίνητον,
3072 3352 3168 3406 καὶ
3198 3347 3462 3419 γνώσεως
3481 3344 3721 3418 ἀληθοῦς
3739 3346 3993 3415 ἐπιστή-

2391 3466 2500 3520 μην
2533 3449 2852 3502 ἄπταιστον.

2458 3548 2560 3594 οα’.
2583 3541 2660 3594 Οὐ
2690 3540 2893 3605 πάντες
2919 3558 2979 3594 τε
3007 3541 3104 3595 καὶ
3134 3542 3315 3597 πάντα
3351 3541 3423 3596 τά
3452 3540 3554 3612 τὴν
3583 3538 3757 3609 αὐτὴν
3788 3536 3993 3606 ἐκφὼ·

2386 3650 2544 3705 νησιν
2568 3632 2779 3704 ἔχοντα,
2803 3632 2926 3687 καθ’
2953 3633 3050 3687 ἕνα
3075 3634 3168 3687 καὶ
3198 3635 3288 3687 τὸν
3320 3633 3491 3688 αὑτὸν
3521 3631 3742 3695 πάντως
3769 3628 3993 3701 νοηθή-

2388 3736 2549 3780 σεται
2587 3726 2786 3798 τρόπον
2811 3741 2826 3756 ’
2876 3725 2995 3779 ἀλλ’
3042 3727 3275 3781 ἕκαστον
3328 3726 3440 3780 τῶν
3486 3724 3801 3795 λεγομένων
3840 3724 3992 3793 πρὸς

2384 3818 2483 3888 τὴν
2539 3816 2908 3887 ὑποκειμένην
2964 3816 3208 3887 δηλονότι
3259 3814 3341 3886 τῷ
3404 3814 3591 3885 τρόπῳ
3657 3814 3760 3884 τῆς
3816 3814 3992 3880 ἁγίας

2387 3910 2609 3979 Γραφῆς
2659 3908 2894 3979 δύναμιν
2937 3908 3182 3977 νοητέον,
3225 3909 3276 3961 εί
3318 3906 3609 3979 μέλλοιμεν
3644 3905 3833 3977 ὀρθῶς
3888 3905 3990 3957 τοῦ

2388 4003 2590 4058 σκοποῦ
2617 4002 2728 4057 τῶν
2756 4003 3160 4074 γεγραμμένων
3186 3998 3712 4073 καταστοχάζεσθαι.

2458 4186 2556 4258 οβ’,
2648 4184 2815 4238 Οὐδὲν
2875 4183 2984 4235 τῶν
3067 4179 3578 4255 ἀναγεγραμμένων
3650 4181 3719 4250 τῇ
3778 4178 3988 4248 Γρειεδῑ

2388 4278 2717 4350 προσώπων,
2748 4274 2783 4345 ἢ
2808 4275 3010 4338 τόπων,
3035 4273 3068 4343 ἦ
3096 4273 3326 4344 χρόνων,
3343 4270 3600 4344 ἣέτέρων
3627 4270 3989 4338 πραγμάτων

2388 4371 2649 4444 ἐμψύχων
2678 4386 2737 4421 τε
2772 4368 2867 4421 καὶ
2911 4364 3156 4436 ἀψύχων,
3190 4363 3465 4436 αἰσθητῶν
3503 4380 3564 4416 τε
3604 4362 3703 4415 καὶ
3738 4362 3985 4430 νοητῶν,

2389 4466 2531 4522 κατὰ
2571 4463 2663 4518 τὸν
2692 4460 2855 4517 αὑτὸν
2883 4460 2971 4514 ἀεὶ
3003 4458 3292 4528 νοούμενον
3320 4456 3544 4527 τρόπον,
3573 4454 3689 4524 ἔχει
3732 4470 3796 4506 συ
3808 4452 3984 4521 p.615-

2323 4586 2366 4640 υ
2395 4574 2592 4613 νουσαν
2636 4556 2804 4625 ἑαυτῇ
2841 4551 3018 4606 διόλου
3054 4550 3154 4619 τὴν
3201 4547 3442 4619 ἱστορίαν
3486 4545 3521 4612 ἢ
3565 4545 3665 4616 τὴν
3714 4543 3986 4614 θεωρίαν.

2391 4654 2482 4710 Aio
2499 4649 2606 4721 χρὴ
2626 4647 2716 4700 τὸν
2738 4643 3052 4704 ἀπταίστως
3068 4639 3164 4711 τὴν
3179 4639 3334 4693 θείαν
3351 4641 3450 4710 τῆς
3470 4637 3699 4710 Γραφῆς
3721 4635 3993 4701 sanna.

2396 4760 2557 4818 μενον
2590 4740 2819 4809 εἴδησιν,
2850 4736 2970 4798 ταῖς
2988 4734 3272 4803 διαφοραῖς
3299 4729 3410 4783 τῶν
3432 4728 3739 4799 γινομένων
3765 4727 3799 4795 ἦ
3824 4726 3991 4794 λεγο-

2397 4837 2597 4908 μένων,
2654 4829 2925 4899 διαφόρως
2968 4824 3284 4894 ἐκδέχεσθαι
3337 4821 3447 4875 τῶν
3495 4818 3991 4890 ἀπηριθμημένων

2398 4931 2650 4987 ἕκαστον,
2687 4922 2782 4977 καὶ
2806 4919 2903 4990 τὴν
2934 4917 3283 4989 ἁρμόζουσαν
3320 4912 3468 4983 αὐτῷ
3497 4911 3640 4965 κατᾶ
3668 4911 3766 4965 τὸν
3789 4910 3990 4975 τόπον,

2402 5020 2435 5091 ἢ
2474 5020 2566 5074 τὸν
2595 5016 2784 5090 χρόνον
2811 5012 3040 5076 δεόντως
3079 5007 3311 5078 θεωρίαν
3340 5005 3692 5079 προσνέμειν.

2465 5268 2565 5337 ογ’.
2603 5266 2884 5321 Διδάσκειν
2917 5263 3023 5335 χρὴ
3056 5262 3261 5324 πάντας
3304 5258 3430 5335 tofi;
3458 5257 3515 5308 ὲν
3555 5256 3723 5308 παντὶ
3769 5251 3857 5323 τῷ
3905 5253 3994 5307 κό-

2398 5375 2540 5429 σμῳ.
2573 5357 2717 5427 λόγῳ
2743 5355 2843 5427 ζῇν
2873 5355 3021 5426 μόνῳ
3056 5354 3147 5407 καὶ
3172 5347 3571 5408 πολιτεύεσθαι,
3599 5344 3696 5397 καὶ
3721 5343 3989 5397 τοσοῦτον

2393 5451 2538 5519 ἔχειν
2588 5450 2716 5520 περὶ
2757 5448 2867 5501 τῶν
2910 5445 3181 5516 σωμάτων
3235 5442 3336 5513 τὴν
3393 5441 3686 5512 μέριμναν,
3716 5438 3851 5490 ὅσον
3901 5436 3989 5488 διά

2392 5541 2595 5611 πολλῆς
2626 5541 2903 5611 φροντίδος
2947 5540 3044 5612 τὴν
3090 5536 3228 5610 πρὸς
3271 5532 3411 5589 αὐτὰ
3468 5529 3650 5602 σχέσιν
3673 5528 3780 5599 τῆς
3797 5525 3988 5598 ψυχῆς
