4184 6436
256 396 392 465 1337

923 397 1256 458 ΟΑΡΙΤΗΜ
1297 396 1723 468 OU'tNQUIES
1763 395 1849 455 CE

1950 397 2291 455 'iiNtliiUM
2331 396 2717 456 CENTURH
2763 397 2852 456 ΙΨ.

3378 399 3512 463 1333

249 508 522 577 διακόψαι,
557 508 654 560 καὶ
697 507 967 578 μηδεμίαν
1010 507 1207 560 διδόναι
1257 508 1538 560 τοσύνολον
1584 507 1715 576 ὓλης
1758 508 1825 576 τῇ

1950 508 2215 562 rliviorem
2250 508 2302 560 in
2333 523 2396 561 ea
2426 508 2594 561 animi
2624 508 2882 561 allectum
2911 524 2974 563 ac
3003 509 3286 563 libidinem
3317 527 3508 581 ampu-

250 600 397 671 ψυχῇ
427 599 726 668 φαντασίαν
760 615 774 629 ·
811 597 1131 668 σϐεσθείσης
1157 598 1258 668 ἤδη
1288 598 1367 667 τῷ
1402 598 1546 669 λόγῳ
1574 599 1675 666 τῆς
1703 596 1826 650 κατ’

250 693 448 763 ἀρχὰς,
477 691 569 744 τὸν
603 691 701 760 μὲν
732 690 891 757 λόγον
924 689 1347 761 παρωσαμένης,
1377 690 1478 761 τὴν
1518 690 1744 758 ἀλογίαν
1769 689 1828 744 δὲ

251 787 351 852 τῆς
381 783 574 853 ἡδονῆς
603 782 778 850 ὄφεως
806 781 964 851 δίκην
997 781 1328 852 έρπυστικοῦ
1357 781 1826 852 προσδεξαμένης,

251 876 576 946 αἰσθήσεως,
617 873 740 928 καθ’
775 867 844 945 ἦς
877 873 1090 944 ὡρίσθη
1123 873 1351 938 δικαίως
1385 874 1415 927 6
1455 873 1707 938 θάνατος,
1741 873 1830 926 ῐνα

252 968 536 1034 παύσηται
563 964 639 1036 τῷ
673 963 910 1036 διαδόλῳ
944 966 1080 1036 πρὸς
1118 965 1217 1036 τὴν
1256 964 1435 1037 ψυχὴν
1476 964 1828 1036 παρεχομένη

252 1059 357 1130 τὴν
387 1058 612 1110 εἴσοδον.

327 1239 416 1292 οδ’.
450 1240 563 1293 Μία
619 1239 941 1311 ὑπάρχουσα
990 1238 1134 1292 κατά
1191 1240 1256 1292 τὸ
1295 1239 1452 1306 γένος
1481 1239 1516 1309 ἡ
1554 1237 1830 1307 αίσοησις,

253 1330 662 1386 πενταπλοῢται
694 1335 805 1396 τοῖς
835 1331 1026 1395 εἴδεσι,
1053 1332 1143 1386 διὰ
1179 1332 1280 1400 τῆς
1317 1329 1440 1384 καθ’
1468 1329 1698 1384 ἕκαστον
1756 1323 1834 1381 εί-

254 1424 344 1487 δο,
377 1423 768 1495 ἀντιληπτικῆς
820 1424 1123 1496 ἐνεργείας,
1182 1425 1244 1477 τὸ
1292 1424 1576 1494 προσφυὲς
1639 1421 1832 1492 αίσθη-

254 1518 371 1578 τὶν,
403 1517 524 1570 ἀντὶ
556 1515 692 1570 Θεοῦ
724 1516 972 1588 στέργειν
993 1516 1091 1587 τὴν
1121 1515 1480 1586 πλανωμένην
1505 1513 1684 1585 ψυχὴν
1705 1516 1836 1588 ἁνα-

255 1608 544 1663 π;ίθουσα.
587 1608 788 1682 Διόπερ
845 1611 874 1663 6
911 1607 989 1678 τῷ
1037 1608 1180 1677 λόγῳ
1211 1606 1392 1676 σοφῶς
1413 1606 1696 1676 ἑπόμενος,
1730 1606 1837 1674 πρὸ

263 1699 362 1752 τοῦ
397 1699 755 1770 βεϐιασμένου
781 1699 876 1752 καὶ
903 1716 974 1751 πα
988 1699 1054 1770 ρὰ
1084 1697 1312 1768 γνώμην
1345 1695 1599 1759 θανάτου,
1623 1695 1714 1748 τὸν
1740 1695 1836 1749 θά-

257 1809 420 1845 νατον
443 1791 544 1862 τῆς
577 1789 780 1862 σαρκὸς
805 1790 1069 1852 ἑκουσίως
1091 1788 1557 1858 καταψηφίζεται,
1583 1788 1675 1842 τὸν
1701 1787 1838 1856 πρὸς

1937 605 2073 661 teut,
2090 598 2405 668 nullamque
2426 599 2476 664 ei
2501 615 2726 669 prorsus
2748 613 3097 657 terrenarum
3121 602 3509 671 cogitationem

1935 688 2290 760 indulgeant;
2339 691 2611 746 exstincto
2654 694 2765 762 jam
2817 710 2915 763 per
2963 693 3235 748 rationem
3283 695 3512 762 ejusque

1935 781 2210 849 potentia,
2241 779 2336 850 qui
2371 781 2531 837 initio
2564 785 2814 838 submota
2852 786 3094 849 ratione,
3121 785 3420 854 voluptatis
3455 802 3515 837 ac

1937 868 2183 924 libidinis
2216 870 2435 926 brutam
2469 871 2814 928 aﬂ'ectionem
2852 877 3124 944 serpentis
3156 892 3312 932 more
3344 878 3516 946 repti-

1936 959 2024 1024 lis,
2055 977 2250 1016 sensus
2284 973 2627 1033 susceperat;
2669 964 2936 1020 adversus
2971 982 3135 1034 quem
3175 968 3370 1020 merito
3409 969 3516 1021 lata

1938 1053 2135 1107 mortis
2173 1056 2470 1122 sententia,
2504 1070 2616 1126 quo
2656 1056 2750 1111 ille
2785 1056 3008 1111 diabolo
3031 1057 3085 1110 in
3127 1058 3371 1112 animum
3413 1059 3518 1113 iter

1938 1144 2179 1212 pandere
2205 1145 2441 1202 desinat.

2011 1234 2097 1287 74.
2141 1233 2279 1289 Cum
2325 1251 2520 1292 sensus
2563 1238 2763 1294 unicus
2813 1239 2883 1293 sit
2927 1254 3158 1309 genere,
3194 1240 3520 1309 quintuplex

1938 1334 2024 1379 est
2045 1326 2251 1394 specie,
2275 1342 2378 1396 pro
2401 1330 2667 1399 cujusque
2693 1331 2893 1398 speciei
2927 1333 3302 1402 perceptione,
3325 1334 3522 1386 anima:

1941 1418 2182 1472 seducta;
2213 1426 2406 1473 auctor
2433 1421 2724 1485 exsistens,
2757 1432 2816 1476 ut
2849 1423 2946 1476 Dei
2981 1425 3103 1478 loco
3136 1425 3520 1493 amplectatur,

1941 1511 2086 1579 quod
2119 1511 2277 1565 aliine
2305 1527 2368 1567 ac
2396 1515 2736 1568 conveniens
2759 1515 3038 1584 objectum
3065 1532 3287 1571 sensum
3317 1526 3519 1571 movet.

1942 1601 2150 1657 ldcirco
2193 1603 2287 1672 qui
2337 1603 2635 1674 prudenter
2679 1606 2946 1661 rationem
2999 1607 3196 1662 ducem
3250 1609 3521 1677 sequitur,

1943 1695 2380 1762 ante,violentam
2412 1704 2675 1767 extraque
2693 1698 2863 1752 animi
2886 1700 3241 1765 sententiam,
3267 1711 3522 1763 mortem,

1944 1797 2138 1856 sponte
2169 1804 2390 1842 carnem
2417 1791 2581 1844 morti
2610 1791 2839 1857 addicit,
2865 1793 3110 1848 animum
3141 1811 3172 1848 a
3201 1808 3367 1848 sensu
3399 1810 3524 1864 pcr-

255 1883 516 1952 αίσθησιν
563 1883 663 1954 τῆς
725 1882 949 1955 γνώμης
1004 1879 1241 1952 παντελῆ
1289 1879 1613 1952 ποιούμενος
1671 1897 1837 1951 χωρι‹

1950 1877 2082 1930 loeto
2107 1878 2342 1932 divortio
2365 1893 2644 1948 separatus.

257 1991 294 2027 σ
302 1991 420 2046 μον.

333 2071 424 2121 οε’.
444 2063 698 2119 Λαδοῦσα
727 2064 818 2120 τὸν
848 2063 973 2117 νοῦν
1007 2066 1040 2134 ἡ
1069 2064 1331 2135 αἴσθησις
1365 2064 1680 2134 ὑποχείριον
1708 2101 1722 2122 ,
1755 2063 1838 2115 δι-

256 2157 449 2210 δάσκει
480 2156 762 2219 πολύοεον.
796 2156 864 2210 δι’
887 2156 1126 2227 ἑκάστης
1166 2156 1477 2226 αἰσθήσεως
1510 2157 1579 2225 τῇ
1614 2154 1746 2224 περὶ
1775 2155 1840 2208 τά

258 2247 412 2317 πάθη
463 2247 680 2320 δουλείᾳ
718 2248 798 2311 ώς
827 2247 971 2302 θεῖον
1003 2246 1063 2301 τὸ
1085 2247 1363 2318 προσφυὲς
1392 2244 1647 2316 αίσθητδν
1675 2244 1838 2316 θερα-

258 2337 526 2392 στεύουσα.

334 2435 438 2492 og'.
475 2433 493 2448 ‘
543 2427 604 2482 Ὀ
638 2426 786 2498 μόνῳ
824 2427 903 2499 τῷ
935 2427 1228 2499 γράμματι
1267 2427 1368 2497 τῆς
1401 2427 1626 2498 Γραφῆς
1662 2443 1840 2496 παρα-

261 2521 597 2590 καθήμενος,
634 2521 803 2590 μόνην
848 2520 960 2590 ἔχει
993 2520 1091 2590 τὴν
1126 2518 1380 2590 αἴσθησιν
1410 2517 1717 2588 κρατοῦσαν
1741 2518 1842 2586 τῆς

264 2609 506 2678 φύσεως.
539 2610 660 2664 καθ’
696 2610 763 2682 ἢν
797 2612 830 2682 ἡ
861 2609 1003 2682 πρὸς
1029 2611 1131 2680 τὴν
1155 2610 1334 2678 σάρκα
1360 2609 1459 2680 τῆς
1502 2607 1680 2679 ψυχῆς
1721 2607 1844 2676 σχέ-

266 2719 355 2766 σις
386 2702 519 2773 μόνη
543 2702 927 2772 διαφαίνεσθαι
956 2700 1191 2772 πέφυκε.
1224 2700 1297 2755 Τὸ
1339 2701 1447 2771 γὰρ
1499 2700 1732 2772 γράμμα
1768 2698 1843 2770 μὴ

264 2792 556 2860 νοούμενον
613 2791 1026 2863 πνευματικῶς,
1058 2790 1232 2862 μόνην
1289 2789 1403 2860 ἔχει
1446 2788 1546 2859 τὴν
1590 2787 1844 2858 αἴσθησιν

264 2881 718 2952 περιγράφουσαν
753 2880 922 2934 αὑτοῦ
947 2879 1046 2952 τὴν
1072 2878 1405 2948 ὲκφώνησιν,
1459 2877 1556 2930 καὶ
1602 2876 1676 2948 μὴ
1716 2893 1845 2946 συγ-

269 2973 561 3047 χωροῦσαν
587 2973 725 3045 πρὸς
744 2974 836 3027 τὸν
857 2971 984 3027 νοῦν
1013 2971 1268 3044 διαδῆναι
1297 2971 1405 3023 τῶν
1439 2969 1845 3040 γεγραμμένων

272 3066 377 3136 τὴν
407 3063 657 3135 δύναμιν.
685 3064 749 3118 Εί
779 3061 837 3117 δὲ
865 3063 1004 3135 πρὸς
1041 3063 1208 3134 μόνην
1243 3061 1342 3132 τὴν
1376 3060 1629 3132 αἴσθησιν
1653 3060 1764 3131 ἔχει
1786 3060 1848 3113 τὸ

269 3158 507 3228 γράμμα
531 3156 629 3229 τὴν
652 3157 982 3227 οἰκειότητα,
1016 3155 1124 3219 πᾶς
1157 3157 1185 3209 6
1208 3153 1334 3209 καθ’
1375 3152 1620 3224 ἱστορίαν
1671 3152 1842 3224 μόνην

284 3227 594 3311 Ἰουδαϊκῶς
617 3247 678 3300 τδ
720 3248 960 3318 γράμμα
995 3245 1303 3318 δεχόμενος,
1340 3245 1483 3300 κατά
1529 3245 1708 3314 σάρκα
1754 3244 1845 3313 ζῇ,
1874 3227 1916 3284 C

273 3343 372 3410 τῆς
419 3339 692 3410 ἁμαρτίας
741 3339 863 3392 καθ’
893 3338 1133 3410 ἑκάστην
1177 3337 1392 3408 ἡμέραν
1425 3337 1514 3390 διά
1543 3337 1642 3408 τὴν
1671 3335 1849 3400 ζῶσαν

274 3433 528 3502 αἴσθησιν
576 3430 869 3501 γνωμικῶς
912 3429 1275 3502 ἀποθνήσκων
1314 3429 1406 3482 τὸν
1461 3429 1716 3496 θάνατον,
1775 3429 1851 3500 μὴ

275 3525 574 3593 δυνάμενος
601 3521 869 3592 πνεύματι
896 3521 996 3584 τὰς
1033 3520 1260 3592 πράξεις
1284 3520 1596 3574 θανατῶσαι
1625 3519 1721 3573 τοῦ
1745 3519 1852 3572 σώ-

282 3632 472 3686 ματος,
518 3613 605 3667 ἵνα
654 3611 718 3685 ζῇ
755 3613 853 3683 τὴν
903 3613 960 3664 ἐν
1009 3610 1280 3682 πνεύματι
1343 3612 1624 3682 μακαρίαν
1683 3611 1850 3681 ζωήν.

279 3709 348 3761 Ei
380 3707 489 3774 γὰρ
523 3705 674 3759 κατὰ
717 3703 917 3771 σάρκα
944 3700 1098 3771 ζῆτε,
1123 3703 1379 3772 μέλλετε
1415 3703 1852 3770 ἀποθνήσκειν,

278 3800 446 3869 φησὶν
496 3798 524 3849 6
578 3797 721 3861 θεῖος
773 3797 1131 3859 Ἀπόστολοςο
1173 3797 1227 3849 εί
1274 3795 1344 3849 δὲ
1397 3796 1687 3866 πνεύματι
1748 3795 1855 3862 τὰς

277 3892 525 3959 πράξεις
554 3891 660 3944 τοῦ
685 3889 961 3960 σώματος
993 3889 1321 3944 θανατοῦτε
1350 3929 1364 3953 ,
1395 3887 1670 3955 ζήσεσθε.

353 3983 449 4047 οζ’.
483 3981 573 4053 Μὴ
599 3981 777 4035 τοίνυν
802 3981 893 4034 τὸν
917 3982 1060 4036 θεῖον
1105 3981 1320 4053 λύχνον,
1345 3981 1512 4052 ἡγουν
1564 3981 1655 4036 τὸν
1687 3999 1857 4050 φωτιο

280 4076 469 4130 στικὸν
518 4075 620 4144 τῆς
671 4073 926 4143 γνώσεως
953 4073 1110 4143 λόγον
1138 4075 1474 4138 ἀνάπτοντες
1498 4073 1588 4128 διὰ
1621 4074 1855 4144 Θεωρίας

279 4170 378 4223 καὶ
410 4167 681 4238 πράξεως,
704 4165 810 4219 ὑπὸ
839 4167 930 4219 τὸν
963 4165 1143 4236 μόδιον
1165 4165 1443 4236 θήσωμεν,
1473 4166 1562 4218 ἵνα
1588 4165 1663 4237 μὴ
1690 4183 1859 4220 κατα-

278 4260 563 4333 κριθῶμεν
597 4259 674 4322 ὡς
705 4258 1140 4330 περιγράφοντες
1189 4257 1269 4327 τῷ
1301 4258 1594 4328 γράμματι
1627 4257 1726 4329 τὴν
1759 4256 1861 4325 τῆς

279 4353 480 4421 σοφίας
513 4349 887 4420 ἀπερίληπτον
909 4348 1137 4419 δύναμιν
1163 4365 1178 4380 ο
1203 4348 1320 4402 ἀλλ’
1356 4349 1449 4401 ἐπὶ
1477 4349 1576 4419 τὴν
1599 4347 1822 4418 λυχνίαν
1845 4389 1860 4411 ,

275 4446 426 4513 λέγω
446 4443 541 4515 τὴν
566 4443 724 4511 ἁγίαν
755 4441 1106 4511 Ἐκκλησίαν,
1139 4442 1197 4494 έν
1227 4439 1306 4511 τῷ
1332 4439 1458 4510 ὕψει
1491 4441 1592 4510 τῆς
1625 4440 1860 4511 ἀληθοῦς

2017 2056 2102 2109 75.
2127 2055 2362 2110 Addicto
2388 2070 2585 2110 sensus
2614 2056 2799 2110 animo
2825 2057 3044 2126 sibique
3074 2058 3382 2128 subjugato,
3408 2059 3530 2128 plu--

1947 2146 2091 2200 rium
2129 2162 2257 2200 eum
2297 2146 2529 2200 deorum
2571 2147 2910 2216 impietatem
2950 2148 3129 2212 docet,
3163 2149 3294 2203 dum
3337 2164 3532 2205 Sensus

1945 2238 2213 2308 cujusque
2241 2253 2408 2307 opera
2439 2239 2731 2293 serviendo
2758 2240 3066 2306 aliectihus,
3092 2241 3239 2309 quod
3271 2253 3528 2310 agnatum

1945 2329 2146 2383 sensile
2172 2337 2258 2384 est
2281 2331 2434 2383 velut
2459 2330 2573 2385 fere
2600 2331 2812 2386 Numen
2841 2333 2992 2386 colit.

2019 2422 2106 2476 76.
2132 2421 2236 2487 Qui
2269 2422 2324 2475 in
2354 2422 2470 2476 sola
2502 2421 2803 2493 Scripturze
2829 2424 3011 2478 littera
3041 2423 3385 2490 immoratur,
3409 2441 3532 2481 sen-

1946 2531 2068 2571 sum
2103 2515 2370 2570 duntaxat
2400 2525 2608 2570 natura:
2637 2516 3014 2571 dominantem
3050 2517 3236 2584 habet,
3269 2535 3380 2588 quo
3415 2519 3532 2576 sola

1946 2607 2116 2662 animi
2145 2606 2214 2661 ad
2238 2621 2461 2661 carnem
2487 2605 2708 2662 aﬂ‘ectio
2737 2617 2904 2678 atque
2927 2609 3102 2664 libido
3126 2611 3346 2665 elucere
3370 2611 3532 2666 solet-

1947 2698 2155 2754 Littera
2201 2699 2350 2754 enim
2375 2740 2389 2765 ,
2425 2698 2532 2752 nisi
2582 2699 2910 2770 spiritaliter
2955 2700 3320 2772 intelligatur,
3356 2703 3532 2760 solum

1948 2807 2203 2856 sensum,
2237 2792 2387 2847 illius
2427 2793 2972 2849 circumscribentem
3011 2794 3403 2863 prolationem,
3431 2794 3531 2849 ha-

1950 2881 2062 2948 bet,
2091 2899 2195 2938 nec
2227 2883 2500 2938 sinentem
2532 2899 2724 2939 eorum
2758 2900 2880 2953 quae
2910 2885 3114 2954 scripta
3148 2895 3294 2952 sunt,
3322 2886 3434 2940 vim
3464 2886 3532 2940 ad

1950 2975 2194 3031 animum
2232 2975 2488 3031 transire.
2520 2975 2807 3045 Siquidem
2842 2976 3008 3046 igitur
3037 2976 3218 3030 littera
3256 2992 3380 3031 eum
3417 2977 3535 3032 solo

1950 3085 2116 3124 sensu
2142 3068 2610 3124 necessitudinem
2639 3069 2826 3134 habet,
2849 3069 3104 3139 quisquis
3130 3085 3198 3124 ex
3219 3070 3334 3124 sola
3361 3069 3537 3124 histo-

1953 3161 2049 3215 ria:
2083 3159 2297 3215 ratione
2328 3159 2555 3215 Judaice
2589 3159 2830 3214 litteram
2865 3159 3096 3229 accipit,
3127 3174 3195 3214 ex
3232 3160 3412 3214 carnis
3445 3175 3535 3214 ra-

1953 3251 2102 3304 tione
2135 3251 2301 3317 vivit,
2330 3252 2423 3321 qui
2458 3251 2669 3321 peccati
2705 3251 2954 3321 quotidie
2991 3261 3194 3318 morte,
3223 3253 3444 3306 vivente
3480 3251 3535 3307 in

1951 3359 2019 3398 eo
2044 3353 2206 3412 atque
2225 3342 2445 3413 vigente
2473 3358 2662 3409 sensu,
2687 3344 2873 3398 animo
2898 3345 3189 3407 moriatur;
3216 3359 3326 3398 non
3349 3344 3540 3399 valens

1951 3436 2164 3491 scilicet
2185 3445 2343 3492 actus
2366 3436 2614 3506 corporis
2639 3437 2837 3506 spiritu
2863 3437 3217 3501 mortiﬁcare,
3242 3445 3302 3490 ut
3321 3438 3538 3490 beatam

1953 3526 2009 3579 in
2035 3524 2231 3594 spiritu
2257 3525 2424 3580 vitam
2448 3527 2597 3579 vivat
2628 3545 2640 3578 :
2671 3524 2728 3580 Si
2758 3527 2897 3580 enim
2919 3528 3206 3580 secundant
3230 3526 3394 3598 ϐοή.
3420 3543 3541 3581 car-

1951 3633 2070 3670 nem
2101 3618 2355 3681 vixeritis,
2385 3617 2564 3687 inquit
2593 3617 2814 3672 divinus
2845 3618 3158 3686 Apostolus,
3186 3620 3486 3672 moriemini
3519 3635 3538 3674 :

1949 3707 1995 3756 si
2030 3713 2208 3759 autem
2238 3706 2428 3774 spiritu
2463 3714 2610 3761 actus
2644 3709 2877 3778 corporis
2912 3707 3378 3777 mortiﬁcaveritis,
3400 3711 3541 3764 vive-

1953 3799 2019 3849 tis
2047 3795 2114 3849 ³³.

2026 3973 2114 4026 77.
2137 3971 2218 4027 Ne
2245 3969 2410 4042 igitur
2435 3969 2676 4025 divinam
2706 3970 2990 4025 lucernam
3019 3970 3406 4042 (illustrantem
3436 3968 3543 4023 sci-

1953 4063 2084 4118 licet
2109 4061 2358 4118 scientite
2386 4061 2718 4130 sermonem)
2747 4050 3230 4132 contemplationis
3256 4061 3542 4132 diligentia

1955 4170 2020 4208 ac
2058 4154 2297 4210 actionis
2333 4154 2722 4221 accendentes,
2762 4154 2864 4209 sub
2905 4155 3092 4208 modio
3129 4169 3419 4224 ponamus,
3450 4171 3541 4221 ne,

1955 4245 2110 4299 velut
2158 4245 2253 4317 qui
2301 4243 2586 4314 sapientia?
2627 4243 2740 4298 vim
2792 4244 3307 4314 incomprehensam
3357 4245 3543 4299 littera

1959 4339 2517 4406 circumscribamus,
2550 4337 2923 4394 damnationis
2955 4339 3038 4394 rei
3071 4338 3407 4405 habeamur;
3447 4338 3542 4394 sed

1959 4449 2130 4504 super
2170 4430 2589 4495 candelabrum,
2624 4441 2869 4486 sanctam
2913 4431 3173 4486 nimirum
3221 4432 3543 4497 Ecclesiam,

279 4537 541 4610 θεωρίας,
567 4536 703 4590 πᾶσι
743 4534 805 4587 τὸ
835 4533 950 4604 φῶς
977 4535 1086 4589 τῶν
1116 4533 1278 4588 θείων
1308 4533 1594 4604 δογμάτων
1618 4529 1849 4602 πυρσεύ-

1965 4525 2022 4579 iu
2060 4525 2209 4579 celso
2244 4538 2388 4577 verm
2427 4523 2916 4592 contemplationis
2951 4523 3198 4593 fastigio,
3231 4524 3544 4578 divinorum

2185 4614 2527 4636 J--__.-____.
2565 4615 2739 4636 =_-_.__
2773 4616 2926 4636 ουκ,
3215 4616 3366 4636 .-___
3405 4631 3511 4636 η--

276 4646 470 4687 ουσαν.

358 4807 458 4880 οη’.
496 4809 554 4863 Ὀ
605 4807 706 4870 τὰς
747 4804 1058 4878 προσϐολάς
1085 4803 1196 4856 τῶν
1233 4805 1506 4858 ἀκουσίων
1540 4805 1869 4876 πειρασμῶν

278 4900 426 4954 κατᾶ
447 4900 533 4953 τὸν
559 4898 829 4970 μακάριον
858 4895 979 4949 Ἰὼϐ
1009 4895 1250 4958 καὶτοὺς
1276 4896 1560 4963 γενναίους
1581 4896 1868 4968 μάρτυρας

278 4989 666 5057 ἁκατασείστῳ
718 4987 902 5058 φέρων
962 4985 1040 5057 τῷ
1083 4979 1439 5059 φρονήματι,
1486 4986 1676 5057 λύχνος
1721 4988 1868 5040 ἐστὶν

286 5080 533 5149 ἰσχυρὸς,
574 5078 982 5132 ἀκατάσϐεστον
1005 5078 1100 5131 καὶ
1129 5077 1293 5140 αὐτὸς
1339 5077 1622 5146 φυλάττων
1651 5076 1712 5129 τὸ
1747 5077 1866 5144 φῶς

281 5172 392 5239 τῆς
425 5172 714 5242 σωτηρίας,
750 5173 808 5224 ὲν
837 5170 916 5241 τῷ
944 5171 1129 5241 τρόπῳ
1171 5173 1270 5240 τῆς
1299 5169 1446 5222 κατὰ
1492 5170 1593 5239 τὴν
1644 5169 1868 5239 ἀνδρίαν

285 5264 574 5333 ὑπομονῆς
625 5263 1050 5333 φυλαττόμενον,
1072 5261 1148 5327 ώς
1193 5262 1284 5316 τὸν
1314 5261 1518 5334 Κύριον
1548 5263 1704 5332 ἰσχὺν
1728 5261 1867 5331 έχων

283 5360 390 5412 καὶ
424 5356 676 5427 ὒμνησιν.
713 5357 771 5409 ὐ
801 5357 857 5409 δὲ
890 5356 1176 5424 γινώσκων
1200 5354 1296 5408 τοῦ
1329 5352 1568 5424 πονηροῦ
1591 5354 1658 5406 τὰ
1690 5370 1866 5423 μηχα-

281 5447 532 5517 νὴματα,
559 5446 653 5500 καὶ
696 5447 794 5510 τὰς
851 5446 1170 5516 συμπλοκὰς
1216 5444 1324 5498 τῶν
1367 5443 1588 5515 ἀφανῶν
1611 5443 1862 5514 πολέμων

287 5540 397 5593 οὒκ
425 5538 654 5607 ἀγνοῶν,
679 5538 774 5591 καὶ
797 5533 951 5602 οὗτος
976 5537 1054 5608 τῷ
1099 5538 1240 5606 φωτὶ
1285 5539 1384 5609 τῆς
1413 5537 1670 5606 γνώσεως
1707 5554 1861 5610 περι-

1966 4619 2148 4672 lucem
2179 4614 2532 4672 decretorum
2565 4615 2740 4670 instar
2771 4616 2929 4670 factis
2963 4617 3180 4671 cunctis
3212 4616 3371 4685 longe
3405 4631 3545 4685 pra:-

1960 4709 2230 4764 l'erentem
2254 4707 2322 4761 “.

2033 4801 2119 4855 78.
2155 4798 2260 4866 Qui
2302 4797 2796 4852 involuntariarum
2845 4796 3213 4851 tentationum
3258 4794 3544 4859 incursus,

1962 4891 2109 4944 haud
2162 4905 2324 4945 secus
2374 4905 2440 4943 ae
2493 4888 2848 4942 beatissimus
2891 4885 2995 4940 Job
3050 4901 3114 4940 ac
3173 4885 3547 4940 strenuissimi

1963 4990 2262 5052 martyres,
2295 4980 2624 5034 inconcusso
2658 4976 2868 5048 perfert
2899 4976 3114 5039 animo,
3143 4975 3370 5028 lucerna
3406 4989 3548 5042 pm-

1965 5082 2162 5144 potens
2189 5080 2294 5137 est,
2318 5070 2414 5142 qui
2439 5083 2496 5125 et
2523 5071 2638 5141 ipse
2671 5069 3061 5124 inexstinctum
3091 5077 3381 5121 conservet
3405 5065 3552 5120 salu-

1967 5168 2036 5222 tis
2068 5166 2286 5230 lumen,
2319 5162 2466 5232 quod
2503 5163 2558 5217 in
2589 5162 2770 5217 virilis
2805 5161 3086 5231 patientiae
3123 5159 3287 5213 modo
3322 5173 3549 5212 conser-

1965 5272 2156 5326 vatur;
2188 5259 2340 5314 velut
2369 5256 2584 5312 scilicet
2615 5255 2909 5310 Dominum
2947 5253 3120 5306 robur
3155 5260 3350 5305 nactus
3383 5257 3549 5318 atque

1967 5354 2239 5409 canticum
2263 5353 2327 5404 ³⁵.
2353 5351 2456 5418 Qui
2487 5359 2672 5406 autem
2698 5348 3022 5418 nequissimi
3054 5356 3203 5401 artes
3233 5353 3548 5416 perspectas

1971 5447 2166 5511 habet,
2198 5461 2301 5500 nec
2335 5443 2695 5498 invisibilium
2731 5442 3043 5512 praeliorum
3079 5453 3409 5508 congressus
3446 5453 3544 5491 ne-

1969 5537 2102 5602 scit;
2139 5537 2228 5590 hic
2253 5551 2472 5606 quoque
2500 5534 2743 5590 scientiae
2768 5533 2890 5587 luce
2920 5533 3292 5595 eollustratus,
3319 5529 3546 5583 lucerna

372 5677 416 5710 ³³
445 5677 603 5734 Rom.
632 5697 743 5742 vm,
777 5681 861 5734 15.
939 5678 982 5711 ³³
1008 5681 1197 5736 Matth.
1228 5698 1280 5745 v,
1312 5681 1392 5735 13.
1473 5680 1516 5712 ³⁸
1545 5679 1589 5733 11
1615 5678 1748 5748 Reg.
1778 5694 1844 5732 xx

1950 5678 1994 5740 Ξ,
2029 5678 2094 5742 Ii;
2137 5677 2342 5733 Jcrcm.
2376 5691 2484 5741 xvi,
2526 5673 2622 5740 i9;
2658 5671 2798 5727 Psal.
2833 5656 2952 5735 1.1x,
2979 5668 3031 5735 6,
3065 5670 3115 5722 7.

373 5794 392 5814 ‘
425 5792 671 5848 Thalass.
701 5809 754 5862 q.
785 5793 869 5846 65.
