4184 6436
229 409 364 479 1341

904 412 1240 479 CAPITUM
1280 416 1703 493 QUINQUlES
1741 421 2261 489 CENTENORUM
2300 427 2689 491 CENTUIUA
2729 429 2823 493 IV.

3357 433 3493 501 1342

220 521 300 589 δὲ,
328 522 583 593 γνώσεως
623 523 815 596 λόγους
867 529 1170 600 παριχεται
1205 532 1316 594 τοῖς
1343 529 1409 585 τὰ
1434 529 1554 587 θεῖα
1589 533 1796 602 φιλοσο-

1910 535 2056 594 istud
2088 555 2241 604 vero,
2275 540 2521 596 scientia.-
2555 542 2799 602 ratiuttes
2826 540 3011 597 divina
3053 541 3487 615 ιιιιιιοεομιιιιιιιι-

220 615 403 687 φοῢσι’
431 621 527 674 καὶ
561 621 594 692 ἡ
622 621 740 694 μὲν,
773 623 873 692 τῆς
902 623 1013 678 τῶν
1040 624 1336 696 ὁρωμένων
1356 624 1587 698 ὁμίχλης
1613 627 1788 699 ὐιραρ-

219 709 472 777 πάζουσα
490 713 625 785 πρὸς
647 713 706 768 τὸ
739 716 998 785 συγγενὲς
1015 717 1210 787 ἀνάγει
1229 717 1320 771 τὸν
1337 719 1485 781 νοῦν,
1505 722 1682 790 πάσης
1707 737 1804 774 κα-

218 802 388 876 θαρὸν
435 804 627 878 ὑλικῆς
665 807 971 877 φαντασίας
1017 810 1428 880 γεγενημένον·
1477 812 1512 881 ὴ
1571 810 1650 873 δὲ.
1704 809 1803 878 τῆς

218 893 413 967 ὑλικῆς
441 897 819 967 προπαθείας
857 900 1019 955 αὐτὸν
1052 901 1442 972 ἀποκαθαίρει,
1466 899 1544 972 τῷ
1580 901 1680 972 τῆς
1710 900 1802 954 ἀνα

215 987 374 1058 δρίας
395 990 817 1063 τόνῳ,καθάπερ
850 991 1036 1065 σφύρᾳ
1061 993 1173 1048 τινὶ
1215 995 1341 1058 τοὺς
1372 993 1511 1066 πρὸς
1549 993 1610 1046 τὸ
1642 993 1802 1064 σῶμα

215 1078 319 1149 τῆς
340 1081 569 1153 γνώμης
595 1083 740 1136 κατά
763 1082 862 1155 τὴν
895 1084 1080 1156 σχέσιν
1105 1086 1483 1158 ὲκκρουομένη
1507 1085 1692 1157 ἦλους.

295 1251 401 1309 πδ⁴.
452 1255 516 1309 Ἦ
550 1256 650 1326 μὲν
686 1257 922 1326 Παλαιά,
955 1259 1016 1314 τὸ
1048 1261 1209 1332 σῶμα
1247 1259 1385 1331 πρὸς
1436 1259 1615 1332 ψυχὴν
1654 1261 1800 1328 λογι-

225 1344 356 1400 «etv
379 1347 702 1413 ἀναϐιϐάζει
731 1349 821 1404 διὰ
859 1350 1040 1420 μέσων
1081 1352 1192 1405 τῶν
1248 1353 1483 1422 ἀρετῶν,
1518 1353 1801 1407 κωλύουσα

216 1437 319 1492 τοῦ
353 1439 489 1509 πρὸς
511 1442 670 1511 σῶμα
700 1442 794 1496 τὸν
827 1443 951 1496 νοῦν
987 1443 1450 1508 καταϐιϐάζεσθαι
1471 1461 1483 1474 ⁸
1511 1447 1544 1515 ἡ
1572 1445 1628 1498 δὲ
1662 1446 1798 1505 Νέα,

215 1533 314 1584 τὸν
345 1533 469 1586 νοῦν
515 1534 653 1605 πρὸς
700 1534 791 1588 τὸν
841 1536 973 1589 Θεὸν
1016 1537 1372 1601 ἀναϐιϐάζει,
1405 1537 1480 1607 τῷ
1521 1541 1655 1609 πυρὶ
1690 1539 1788 1605 τῆς

216 1623 446 1693 ἀγάπης
466 1625 834 1696 πτερούμενον
866 1631 901 1680 '.
936 1629 1042 1682 Καὶ
1070 1631 1102 1698 ή
1137 1629 1257 1698 μὲν,
1283 1630 1481 1682 ταύτὸν
1507 1629 1800 1701 ἐργάζεται

214 1713 302 1784 τῷ
341 1713 424 1768 νοῒ
485 1715 540 1769 τὸ
601 1718 756 1788 σῶμα
789 1719 932 1772 κατὰ
964 1720 1063 1790 τὴν
1104 1720 1250 1774 θέσει
1277 1722 1492 1792 κίνησιν
1522 1722 1620 1791 (ιι)’
1650 1709 1689 1792 ἦ
1718 1722 1796 1784 δὲ,

215 1806 422 1860 ταύτὸν
444 1806 524 1877 τῷ
560 1808 678 1880 Θεῷ
705 1809 796 1863 τὸν
831 1812 953 1864 νοῦν
987 1813 1241 1866 ἀποτελεῖ
1268 1814 1409 1867 κατά
1437 1815 1536 1885 τὴν
1561 1814 1672 1878 ἕξιν
1701 1816 1798 1882 τῆς

1905 630 2011 686 bus
2041 631 2250 703 praebet
2279 651 2292 686 :
2322 641 2484 702 atque
2510 634 2748 688 alterunt
2779 632 3026 704 quidem,
3051 648 3082 688 a
3107 648 3290 690 rerum
3315 640 3491 694 oculis

1906 721 2282 793 subjectarutn
2309 724 2544 794 caligine
2573 725 2835 794 paulatim
2864 724 3109 779 animum
3142 726 3487 794 abstrahens,

1903 812 1970 866 ad
2031 811 2084 867 id
2143 813 2402 869 subvehit
2444 813 2591 883 quod
2637 813 2798 868 aliine
2847 824 2904 869 et
2949 824 3242 886 cognatum
3291 827 3408 883 est,
3457 836 3489 874 ει

1906 914 2131 960 terreno
2165 904 2316 958 omni
2353 904 2594 975 cogitatur
2631 903 2986 967 mandatum;
3023 905 3256 960 alterum
3283 921 3432 971 vero,
3455 923 3489 963 ιι

1907 1003 2126 1051 terrena
2157 994 2452 1050 affectione
2486 1009 2552 1049 ac
2583 992 2814 1050 libidine
2849 993 3102 1059 mundat,
3138 997 3290 1050 velut
3320 995 3488 1050 nimi-

1905 1105 2025 1143 rum
2068 1089 2266 1143 malleo
2305 1085 2567 1157 quodam,
2603 1084 2946 1140 fortitudinis
2981 1085 3198 1155 vigore,
3243 1079 3489 1141 excussis

1904 1180 2108 1251 quibus
2132 1181 2351 1249 corpori
2379 1194 2534 1233 utens
2559 1177 2819 1247 illigatur,
2843 1175 3096 1231 libidinis
3121 1177 3308 1231 clavis.

1975 1273 2064 1326 84.
2115 1269 2282 1325 Vetus
2326 1270 2550 1338 quidem
2593 1269 3044 1333 Testamentum,
3090 1282 3294 1336 corpus
3339 1267 3489 1322 velut

1905 1361 2114 1415 ratione
2151 1361 2418 1414 iutbutum
2453 1359 2794 1414 iutermediis
2816 1359 3118 1412 virtutibus
3146 1358 3211 1411 ad
3243 1356 3486 1412 animum

1903 1454 2180 1516 subvehit,
2218 1453 2516 1522 prohibens
2556 1467 2624 1504 tte
2666 1467 2822 1504 meus
2860 1451 2928 1504 ad
2968 1466 3170 1520 corpus
3207 1451 3486 1520 deprima-

1905 1555 2024 1610 tur;
2055 1547 2266 1599 lVovunt
2289 1553 2493 1605 autent,
2521 1550 2760 1596 utentem
2792 1541 2846 1594 itt
2875 1542 3046 1594 Deum
3073 1541 3279 1607 evehit,
3304 1541 3487 1596 chari—

1903 1639 2030 1692 tatis
2074 1639 2195 1707 igne
2237 1637 2418 1690 volatu
2467 1635 2756 1688 sublimem
2799 1632 2966 1704 606
3004 1633 3277 1687 effectam.
3308 1635 3485 1703 Atque

1901 1731 2134 1783 alterum
2161 1709 2405 1796 quidem,
2428 1741 2629 1796 corpus
2656 1727 2799 1780 idem
2829 1740 2954 1780 eum
2981 1732 3166 1778 mente
3190 1725 3486 1778 voluntatis

1905 1831 2052 1874 motu
2086 1821 2279 1884 ellieit;
2314 1819 2568 1881 alterum,
2596 1817 2740 1870 idem
2778 1832 2903 1870 cum
2936 1815 3048 1868 Deo
3076 1825 3315 1870 mentem
3348 1817 3482 1869 cha-

217 1904 447 1967 χάριτος
485 1900 756 1970 τοσαύτην
803 1902 996 1972 ἔχοντα
1023 1903 1160 1974 πρὸς
1183 1904 1316 1958 Θεὸν
1347 1905 1443 1976 τὴν
1477 1906 1796 1974 ἐμφέρειαν,

1907 1913 2084 1985 ritatis
2125 1911 2318 1964 habitu
2359 1909 2557 1972 reddit,
2595 1919 2740 1962 tanta
2779 1924 2903 1961 euut
2943 1908 3055 1961 Deo
3089 1910 3278 1976 sicque
3316 1923 3482 1962 accu-

215 1985 478 2041 ὦστε.τὸν
508 1988 642 2044 Θεὸν
663 1992 730 2044 δι’
765 1994 929 2046 αὐτοῦ
964 1995 1330 2066 γνωρίζεσθαι
1351 2037 1366 2062 ,
1392 1997 1484 2049 τὸν
1517 1995 1576 2060 ἐξ
1607 1996 1799 2048 ἑαυτοῦ

217 2079 362 2132 κατὰ
383 2079 544 2150 φύσιν
568 2082 820 2152 οὐδαμῶς
841 2087 1165 2156 τοπαράπαν
1185 2088 1358 2141 οὐδενὶ
1379 2089 1798 2158 γινωσκόμενον,

214 2168 297 2233 ὡς
323 2169 386 2222 ἐκ
413 2188 558 2235 τινος
577 2174 788 2238 εἰκόνος
822 2177 1150 2248 ἀρχέτυπον.

294 2261 399 2316 πε⁹.
439 2264 502 2316 Ἢ
540 2265 638 2335 μὲν
667 2268 880 2323 Παλαιά
901 2269 1169 2341 Διαθήκη,
1203 2272 1454 2342 πράξεως
1480 2273 1572 2326 καὶ
1597 2273 1799 2343 ἀρετῆς

216 2351 546 2425 ὑπάρχουσα
602 2357 895 2429 σύμϐολον,
928 2367 1238 2432 συμφωνεῖν
1296 2366 1356 2418 τὸ
1403 2365 1562 2435 σῶμα
1611 2365 1688 2436 τῷ
1719 2367 1796 2418 νοῒ

215 2449 637 2517 παρασκευάζει
662 2453 804 2506 κατά
834 2455 934 2525 τὴν
959 2456 1173 2525 κίνησιν
1203 2474 1217 2488 ο
1255 2458 1287 2528 ἡ
1315 2459 1369 2510 δὲ
1397 2459 1529 2523 Νέα,
1563 2461 1797 2528 θεωρίας

213 2531 354 2587 οὖσα
395 2538 489 2591 καὶ
542 2539 803 2607 γνώσεως
842 2548 1123 2617 ποιητικὴ,
1169 2546 1258 2601 τὸν
1305 2551 1582 2617 μυστικῶς
1626 2552 1798 2619 αὐτῆς

213 2627 573 2698 ἀντεχόμενον
640 2632 764 2687 νοῦν
827 2638 939 2700 τοῖς
992 2637 1154 2702 θείοις
1220 2641 1453 2711 νοήμασι
1523 2660 1794 2712 καταφαι-

213 2721 408 2788 δρύνει
443 2725 534 2778 καὶ
565 2728 678 2790 τοῖς
728 2730 1076 2802 γνωρίσμασι
1101 2734 1140 2754 ”
1165 2749 1178 2763 ·
1211 2733 1304 2786 καὶ
1332 2735 1364 2806 ἡ
1415 2736 1513 2805 μὲν
1560 2736 1792 2795 Παλαιὰ.

210 2812 295 2882 τῷ
321 2817 609 2888 γνωστικῴ
643 2824 871 2890 χορηγεῖ
900 2824 1026 2887 τοὺς
1063 2826 1298 2896 τρόπους
1330 2827 1437 2880 τῶν
1467 2827 1679 2896 ἀρετῶν
1714 2845 1728 2858 ο
1756 2832 1789 2898 ὴ

211 2903 273 2958 δὲ
298 2905 434 2973 Νέα,
456 2909 535 2981 τῷ
568 2913 859 2985 πρακτικῷ
886 2915 1140 2983 γνώσεως
1161 2917 1395 2989 ἀληθοῦς
1412 2918 1603 2988 λόγους
1635 2921 1792 2992 χαρί-

212 2999 387 3062 ζεται.

289 3097 409 3156 σις’.
452 3093 707 3149 Ἐκείνων
729 3097 758 3148 ὁ
791 3096 924 3156 Θεὸ;
947 3098 1165 3166 λέγεταί
1201 3117 1260 3154 τε
1288 3101 1618 3170 καὶγίνεται
1652 3102 1794 3156 κατά

1905 2012 2020 2058 rata
2049 2001 2434 2063 similitudine,
2465 2009 2523 2053 ut
2551 2015 2618 2052 ex
2651 2013 2715 2052 ca
2748 1999 2894 2052 Deus
2927 2008 3308 2066 cognoscatur,
3335 1998 3484 2052 velut

1899 2113 1966 2149 ex
2015 2095 2252 2164 imagine
2291 2107 2388 2146 seu
2437 2091 2735 2144 simulacro
2779 2089 3082 2157 exemplar,
3129 2088 3212 2156 qui
3260 2087 3377 2156 ipse
3415 2101 3483 2140 ex

1899 2189 2082 2257 seipse
2113 2203 2142 2240 a
2175 2185 2327 2239 nullo
2353 2198 2582 2252 usquam
2619 2196 2845 2251 prorsus
2878 2190 3074 2246 natura
3107 2179 3479 2249 cognoscitur.

1968 2280 2057 2334 85.
2093 2279 2263 2333 Vetus
2305 2277 2528 2346 quidem
2571 2274 3018 2336 Testamentum,
3053 2273 3201 2342 quod
3247 2271 3483 2326 actionis

1897 2385 2062 2442 atque
2098 2371 2321 2424 virtutis
2360 2371 2432 2423 sit
2472 2368 2804 2437 symbolum,
2840 2366 3088 2434 corporis
3130 2380 3255 2419 cum
3296 2372 3480 2418 mente

1889 2473 2229 2523 CONSCHSIIIII
2267 2464 2419 2526 facit,
2451 2461 2595 2531 quod
2642 2461 2839 2514 attinet.
2877 2459 2942 2512 ad
2986 2467 3224 2522 motum;
3267 2455 3480 2510 Novum

1897 2564 2115 2617 autem,
2151 2552 2299 2623 quod
2348 2552 2420 2604 sit
2461 2547 2940 2618 contemplationis
2984 2560 3046 2599 ac
3096 2541 3339 2623 scientiae
3382 2556 3479 2610 pa-

1899 2664 2054 2712 rens,
2089 2653 2329 2699 mentem
2373 2642 2474 2712 ipsi
2518 2640 2746 2711 mystice
2781 2638 3082 2706 impensam
3103 2618 3282 2703 'atque
3319 2631 3478 2686 dedi-

1899 2751 2028 2804 tam,
2063 2738 2268 2792 divinis
2302 2735 2480 2790 scnsis
2513 2733 2769 2799 notisque
2800 2734 3034 2801 exorpat
3070 2744 3082 2779 :
3118 2736 3282 2794 atque
3313 2723 3481 2778 Vetus

1895 2831 2142 2903 quidem,
2167 2827 2401 2898 spiritali
2435 2841 2500 2880 ac
2529 2822 2762 2892 sapienti
2791 2821 3061 2874 virtutum
3098 2815 3480 2872 subministrat

1894 2924 2114 2986 modos;
2141 2920 2351 2975 Novum
2379 2926 2586 2981 autem,
2609 2911 2812 2969 colenti
2835 2910 3111 2968 actionem
3132 2921 3277 2962 vera:
3300 2906 3480 2962 scicn-

1901 3015 1984 3067 tia:
2009 3012 2251 3065 rationes
2274 3007 2492 3063 tribuit.

1965 3117 2053 3172 86.
2087 3117 2291 3170 Eorum
2333 3113 2479 3166 Deus
2511 3124 2610 3178 per
2643 3106 2873 3178 gratiam
2907 3105 3068 3159 Pater
3105 3112 3221 3166 tum
3259 3117 3476 3155 nuneu-

214 3183 376 3252 χάριν
415 3185 604 3256 Πατὴρ
630 3226 646 3251 ,
676 3187 784 3240 τῶν
837 3190 1005 3260 μόνην
1044 3191 1276 3260 ἐχόντων
1314 3193 1415 3264 τὴν
1447 3194 1568 3246 κατ’
1591 3196 1791 3266 ἀρετὴν

1899 3218 2056 3276 patur
2087 3216 2201 3260 tum
2236 3202 2490 3266 eilicitur,
2513 3198 2608 3270 qui
2644 3197 2815 3251 solam
2848 3194 3034 3250 animo
3068 3192 3291 3246 virtutis
3319 3192 3472 3246 cultu

214 3274 499 3345 γνωμικὴν
547 3279 604 3327 ἐν
651 3271 922 3348 πνεύματι
981 3280 1236 3350 γέννησιν
1270 3299 1284 3311 ·
1331 3283 1454 3336 καθ’
1488 3286 1553 3356 ἣν
1599 3286 1789 3358 ὥσπερ

212 3364 393 3436 ψυχῆς
439 3367 749 3437 πρόσωπον,
784 3370 875 3422 τὸν
931 3373 988 3423 ἐν
1031 3372 1256 3441 ἀρεταῖς
1289 3374 1383 3427 τοῦ
1439 3379 1794 3445 γεννήσαντος

217 3458 352 3512 Θεοῦ
384 3461 713 3531 χαρακτῆρα
767 3463 1093 3531 φαινόμενον
1116 3464 1330 3533 ἔχοντες
1368 3468 1509 3521 κατά
1542 3469 1634 3520 τὸν
1656 3468 1790 3538 βίον,

218 3553 344 3611 τοὺς
391 3549 697 3619 θεωμένους
727 3555 792 3622 τῇ
835 3553 1105 3624 μεταϐολῇ
1139 3555 1248 3608 τῶν
1293 3556 1515 3626 τρόπων
1550 3558 1793 3622 δοξάζειν

216 3637 310 3691 τὸν
339 3640 470 3693 Θεὸν
495 3645 997 3712 παρασκευάζουσι,
1023 3648 1116 3698 τὸν
1137 3647 1334 3699 οἰκεῖον
1371 3648 1483 3718 βίον
1521 3650 1658 3716 πρὸς
1705 3651 1794 3721 μί-

220 3750 388 3804 μησιν
415 3735 743 3806 παρέχοντες
765 3737 947 3802 αὐτοῖς
978 3739 1260 3810 ἐξαίρετον
1285 3741 1488 3810 ἀρετῆς
1520 3741 1793 3811 ἐξεμπλάο

219 3845 355 3900 ριον.
385 3829 459 3881 Οὐ
491 3833 598 3899 γὰρ
650 3830 793 3902 λόγῳ
835 3831 978 3903 ψιλῷ
1006 3833 1139 3897 Θεὸς
1167 3833 1489 3900 δοξάζεσθαι
1527 3837 1788 3904 πέφυκεν,

1895 3302 1948 3353 in
1985 3299 2182 3368 spiritu
2216 3296 2557 3350 nativitatem
2590 3290 2734 3345 nacti
2765 3299 2921 3352 sunt;
2955 3303 3095 3354 qua,
3129 3285 3278 3339 velut
3309 3283 3474 3337 animi

1894 3394 2087 3446 facient
2123 3407 2188 3444 ac
2218 3388 2482 3457 efﬁgiem,
2513 3383 2757 3454 parentis
2791 3382 2885 3435 Dei
2919 3379 3219 3432 virtutibus
3251 3377 3476 3431 elucen-

1896 3489 2024 3540 tem,
2048 3479 2160 3532 vita
2187 3477 2255 3530 iis
2284 3475 2556 3535 instituta,
2581 3472 2957 3525 characterem
2990 3469 3273 3529 habentes,
3299 3465 3350 3518 itt
3382 3466 3477 3519 llei

1895 3571 2113 3624 laudettt
2168 3565 2531 3622 conversione
2579 3576 2796 3616 morum
2846 3560 3211 3628 spectantium
3263 3557 3476 3610 animos

1896 3666 2224 3731 provocant;
2276 3657 2480 3727 quibus
2521 3654 2782 3709 eximium
2823 3652 3048 3705 virtutis
3085 3650 3364 3718 exemplar
3405 3648 3470 3700 ad
3537 3637 3544 3644 ”

1896 3753 2253 3814 imitandum,
2284 3747 2451 3802 vitam
2492 3746 2595 3816 ipsi
2637 3760 2792 3800 suam
2833 3743 3132 3814 praebeant.
3167 3742 3284 3794 Non
3327 3739 3474 3794 enim

1897 3845 1951 3899 itt
1980 3843 2127 3896 nudo
2155 3855 2407 3896 sermone
2433 3838 2624 3908 posita:
2653 3836 2745 3916 Dei
2773 3835 2980 3898 laudes,
3005 3833 3097 3887 sed
3128 3833 3182 3886 in
3214 3830 3476 3901 operibus

215 3919 547 4013 ἀλλ’ᾲέργοις
579 3922 930 3993 δικαιοσύνης
963 3924 1144 3995 πολλῷ
1167 3925 1392 3980 πλείονα
1421 3925 1598 3995 λόγων
1637 3926 1796 3999 βοῶσι

1899 3935 2147 4006 iustitite;
2193 3947 2314 4001 qua:
2358 3931 2519 3999 longe
2561 3927 2753 3996 majori
2800 3942 2912 3996 pra:
2949 3925 3136 3979 verbis
3177 3922 3471 3994 prmeottie.

215 4012 316 4082 τὴν
337 4011 488 4067 θείαν
523 4015 1022 4087 μεγαλοπρέπειαν.

289 4105 400 4168 πζ’.
453 4107 766 4178 ’Δριστερὸς
800 4107 899 4177 μὲν
928 4110 956 4161 ὀ
977 4109 1206 4178 φυσικὸς
1238 4109 1422 4180 νόμος,
1453 4109 1541 4164 διὰ
1569 4110 1667 4180 τὴν
1705 4109 1787 4164 αἶ-

219 4195 413 4268 σθησιν
439 4214 454 4228 ·
488 4199 755 4268 προσάγει
811 4199 869 4252 δὲ
934 4199 1012 4271 τῷ
1062 4200 1207 4270 λόγῳ
1238 4200 1367 4264 τοὺς
1411 4202 1647 4272 τρόπους
1687 4202 1795 4255 τῶν

214 4289 449 4357 ἀρετῶν.
492 4289 588 4342 καὶ
609 4293 754 4343 ποιεῖ
781 4290 983 4358 γνῶσιν
1003 4292 1425 4363 ἐνεργουμένην.
1464 4293 1521 4346 '0
1544 4294 1601 4346 δὲ
1634 4311 1797 4346 πνευ-

219 4381 448 4452 ματικὸς
473 4382 654 4451 νόμος,
681 4381 851 4446 δεξιὸς
874 4383 972 4452 μέν
1000 4387 1116 4437 ἐστι
1145 4384 1234 4437 ειά
1260 4384 1352 4438 τὸν
1379 4385 1503 4438 νοῦν
1535 4401 1548 4415 ⁸
1578 4386 1797 4456 μίγνυσι

214 4473 276 4525 δὲ
306 4477 370 4545 τῇ
404 4474 654 4543 αἰσθήσει
679 4475 808 4536 τοὺς
855 4477 913 4527 ὲν
951 4477 1065 4538 τοῖς
1096 4471 1216 4529 οὖσι
1255 4477 1660 4547 πνευματικοὺς
1705 4477 1792 4531 λό-

215 4580 370 4632 γους,
403 4563 497 4617 καὶ
529 4566 671 4616 ποιεῖ
693 4564 890 4634 πρᾶξιν
923 4564 1342 4635 λελογισμένην.

291 4662 402 4725 mf.
449 4655 507 4708 Ὀ
540 4658 604 4725 τῇ
638 4655 1280 4726 πράξεισιειματουμένην
1303 4659 1402 4728 τὴν
1428 4659 1664 4727 γνῶσιν“,
1700 4663 1793 4716 καὶ

215 4750 284 4817 τῇ
315 4746 514 4815 γνώσει
540 4747 887 4817 ψυχουμὲνην
915 4749 1014 4817 τὴν
1043 4747 1244 4818 πρᾶξιν
1271 4751 1502 4813 δεικνὺς,
1520 4753 1611 4804 τὸν
1633 4753 1794 4823 ἀκρι-

217 4839 292 4910 ϐῆ
331 4840 534 4911 τρόπον
580 4834 707 4907 εὗρε
751 4839 850 4910 τῆς
892 4837 1127 4910 ἀληθοῦς
1175 4838 1463 4911 θεουργίας
1517 4844 1609 4912 (υ).
1657 4842 1715 4896 ’0
1751 4844 1795 4897 δ’

286 5001 304 5021 ⁶
332 4999 437 5067 Qu.
471 4998 561 5054 6'5.
593 4997 663 5052 ad
693 4997 850 5052 Tha].
888 4996 1151 5068 πυρούμ.,
1183 5014 1455 5053 accensam

275 5139 391 5265 ita),
418 5138 583 5264 ιῖατὰ
599 5138 714 5203 τὴν
735 5137 894 5220 θέσει
919 5135 1296 5239 κίνησιν.βὶιῖ
1316 5134 1484 5190 etiam
1506 5141 1699 5203 quaest.
1729 5131 1797 5188 56

389 5229 440 5265 ta
470 5227 576 5264 ass.
614 5209 733 5263 Non
790 5217 927 5263 satts
963 5207 1144 5265 Ptcus.
1178 5222 1233 5259 tn
1281 5206 1578 5265 peragenda
1627 5215 1797 5258 motu.

223 5206 314 5269 Ad
333 5206 576 5265 Thala“.
614 5209 733 5263 Non
790 5208 927 5263 satis
963 5207 1144 5270 Picus,
1178 5206 1233 5259 in
1281 5206 1578 5275 peragenda
1627 5215 1797 5258 motu.

227 5281 491 5345 Reddidi,
528 5277 814 5337 voluntatis
859 5288 1026 5342 motu,
1062 5293 1171 5331 non
1202 5273 1592 5346 quonéMoat
1633 5277 1799 5346 velim

226 5343 606 5414 emendatum,
647 5349 742 5404 sed
770 5349 917 5418 quod
949 5348 1024 5412 id,
1062 5343 1320 5417 quod—sic
1350 5343 1517 5407 θέσει,
1544 5345 1701 5418 quasi
1733 5345 1802 5418 ab

226 5424 544 5478 extrinseco
577 5429 635 5474 et
659 5415 867 5474 factitie
903 5428 1008 5478 est.
1045 5415 1332 5472 voluntate
1364 5423 1470 5474 est.
1504 5424 1560 5469 at
1605 5416 1660 5469 in
1705 5415 1804 5468 ad-

227 5492 458 5561 optione
481 5533 494 5556 ,
539 5505 644 5560 qua
683 5489 809 5558 quis
847 5488 1014 5561 θέσει,
1052 5503 1164 5542 non
1203 5485 1363 5561 φύσει
1393 5526 1408 5548 ,
1434 5485 1514 5561 _in
1543 5485 1804 5561 famiﬁam

228 5555 516 5644 filiumque
546 5555 873 5644 coeptatur.’
907 5559 998 5614 Sic
1020 5573 1227 5644 corpus
1269 5555 1337 5610 ad
1358 5555 1604 5644 animum
1633 5555 1803 5644 effer-

230 5643 345 5695 tur,
391 5625 512 5701 eius
565 5625 722 5699 quasi
773 5629 985 5684 ratione
1020 5625 1314 5701 imbutum,
1370 5640 1478 5694 qua
1520 5625 1803 5683 voluntate

230 5698 537 5756 virtutibus
567 5698 861 5764 excolitur,
908 5715 1075 5770 supra
1121 5698 1291 5762 illius,
1333 5705 1394 5748 ut
1454 5709 1656 5766 corpus
1680 5703 1801 5760 est,

233 5772 491 5840 meritum
524 5780 691 5840 atque
723 5770 991 5825 debitum.

307 5837 382 5913 (υ)
416 5842 530 5913 Τῆς
559 5837 822 5910 ἀληθοῦς
866 5840 1195 5910 Oscum-lac.
1239 5840 1438 5895 Veram
1490 5837 1800 5909 θεουργὲαν,

1895 4026 2135 4080 divinam
2167 4023 2405 4078 clament
2428 4018 2913 4087 magnificentiam.

1967 4115 2054 4169 8'7.
2093 4114 2203 4168 Lex
2247 4110 2518 4166 naturalis
2564 4108 2790 4162 sinistra
2843 4105 3036 4176 utique
3084 4114 3196 4168 est,
3246 4111 3460 4174 proptet

1895 4220 2151 4270 sensum;
2204 4203 2582 4271 virtutumque
2640 4199 2832 4254 modos
2882 4196 3083 4252 rationi
3139 4194 3472 4255 admovens,
3565 4264 3567 4267 ι
3620 4243 3628 4250 ,

1897 4297 2180 4352 scientiam
2205 4293 2477 4350 ellicaeem
2511 4308 2574 4347 ac
2606 4300 2885 4346 actuosam
2917 4287 3116 4342 reddit.
3151 4287 3259 4340 Lex
3290 4293 3470 4340 autem
3559 4313 3568 4324 ι

1897 4389 2162 4461 spiritalis
2213 4388 2404 4442 dextra
2433 4394 2539 4449 est,
2566 4393 2789 4454 propter
2815 4382 3057 4439 animum
3083 4395 3179 4435 seu
3205 4388 3469 4442 mentem;

1896 4482 2241 4549 miscensque
2297 4476 2484 4550 sensui
2540 4473 2814 4544 spiritales
2866 4473 2923 4526 in
2980 4473 3145 4526 rebus
3197 4471 3471 4532 rationes,

1827 4565 1872 4619 D
1899 4572 2168 4626 actionem
2199 4568 2508 4622 consultam
2536 4565 2910 4632 imbutamque
2935 4563 3145 4619 ratione
3173 4562 3320 4618 facit.

1973 4662 2060 4715 88.
2089 4659 2192 4725 Qui
2233 4657 2449 4713 actione
2487 4662 2836 4722 corporatam
2876 4652 3182 4710 scientiam,
3216 4649 3471 4702 scientia-

1900 4769 2008 4823 que
2040 4751 2332 4805 attimatam
2369 4747 2640 4801 actionem
2677 4743 2950 4804 Ostendit,
2985 4749 3301 4796 accuratum
3335 4755 3473 4791 vere

1901 4843 2186 4915 θεουργίας
2212 4841 2429 4913 (divina:
2458 4839 2669 4893 scilicet
2691 4834 3049 4904 operationis)
3077 4834 3299 4888 modum
3327 4833 3462 4885 iuve-

1972 5002 2008 5018 "
2039 4997 2121 5052 Ad
2155 4994 2407 5050 Thalass.
2443 4993 2761 5062 χαρίσμασι.

1893 5149 1990 5189 seu
2022 5132 2264 5187 divinam
2296 5127 2701 5196 operationem.
2732 5122 2956 5178 videtur
2987 5121 3077 5196 hic
3108 5120 3315 5184 dicere,
3349 5136 3471 5196 quat

1897 5207 1977 5259 sie
2025 5201 2240 5257 actione
2273 5193 2824 5264 eteontemplatiotte
2855 5193 3194 5264 completur,
3229 5200 3285 5243 et
3310 5194 3468 5264 quasi

1897 5274 2207 5328 eminettter
2235 5270 2523 5336 utriusque
2570 5261 2689 5336 viut
2727 5264 2930 5336 habet:
2960 5261 3288 5336 sapientiam
3318 5263 3470 5336 seili~

1901 5353 2008 5406 eet,
2049 5356 2171 5408 quae
2221 5332 2468 5408 proxima
2497 5344 2582 5408 est
2626 5333 2692 5386 ad
2735 5332 3472 5408 deiﬁcationem.Qttom-odo

1901 5424 1958 5469 et
1982 5399 2036 5468 in
2064 5399 2286 5466 Christo
2310 5409 2512 5463 dictam
2540 5405 2828 5472 θεουργίαν
2857 5401 3135 5471 Dionysio,
3159 5399 3293 5469 quin
3317 5400 3466 5472 dica-

1904 5499 2045 5546 mus,
2076 5481 2214 5536 nihil
2237 5479 2458 5533 videtur
2485 5471 2706 5530 obstare
2737 5490 2893 5546 :_non
2916 5472 3137 5546 quidem
3165 5484 3287 5539 qum
3306 5471 3471 5546 Annio-_-

1910 5555 1964 5627 ni
2007 5540 2660 5627 praeviaintelligaturet
2702 5540 3252 5627 adeam’disponeps
3297 5540 3466 5608 (quod

1905 5609 2216 5679 Nestori-ani
2239 5609 2466 5674 furfuris
2495 5620 2619 5674 estl,
2652 5613 2747 5667 sed
2785 5613 2863 5667 illi
2889 5627 3098 5667 eomes.
3132 5609 3199 5663 ad
3234 5625 3470 5679 eamque

1910 5707 2168 5762 sequens,
2218 5690 2368 5744 velut
2417 5686 2566 5741 illius
2604 5692 2834 5762 ornat-us
2870 5700 2882 5734 :
2918 5684 2971 5737 in
3020 5696 3130 5762 qua
3159 5679 3272 5758 ipsa
3300 5679 3474 5758 nobis

1911 5749 2056 5818 idem
2085 5749 2340 5816 Christus
2360 5765 2416 5810 et
2442 5766 2634 5810 auctor
2660 5754 2888 5808 exsistat
2929 5761 2986 5805 et
3007 5749 3468 5818 perfectissimum

1907 5833 2222 5903 exemplar;
2249 5845 2374 5885 cunt
2398 5829 2518 5896 ejus
2535 5823 2812 5894 θεουργία,
2846 5833 2905 5876 ιιι
2927 5821 3127 5876 Budan
3150 5819 3467 5885 exponitur,
