4184 6436
245 434 383 502 1315

922 434 1255 497 CAPITUM
1295 427 1719 503 QUINQUIES
1758 425 2274 491 CENTEXORUM
2316 432 2701 494 {ZENTITRIA
2746 435 2839 495 ιν.

3358 436 3495 503 1315

238 554 419 623 πάσης
463 551 667 623 ἀρετῆς
724 552 965 620 κεφαλὴν
999 552 1029 603 ὁ
1066 551 1349 621 προφήτης
1377 548 1656 616 ὠνόμασεν
1682 561 1694 573 ·
1730 545 1804 603 ώς

1910 546 2178 598 rationem
2209 556 2373 614 atque
2406 562 2737 611 sermonem,
2768 558 3025 618 tanquam
3058 548 3276 605 virtutis
3313 558 3494 609 omnis

231 645 318 707 τὸ,
357 644 501 698 Ἕδυ
532 646 570 712 ἡ
603 645 836 713 κεφαλή
862 661 981 713 μου
1004 646 1086 709 εις
1122 642 1392 711 σχισμὰς
1452 640 1636 707 ὀρέων
1657 652 1672 668 ⁶
1710 636 1809 698 τὰς

231 733 290 787 δὲ
320 735 558 798 διανοίας
586 736 695 787 τῶν
728 736 1052 805 πνευμάτων
1093 736 1190 803 τῆς
1256 731 1544 801 πονηρίας,
1575 727 1811 798 σχισμὰς

232 824 344 879 τῶν
372 824 566 892 όρέων,
598 826 687 892 ὑφ’
726 819 801 876 ὧν
831 823 1107 894 κατεπόθη
1133 823 1221 876 διὰ
1248 824 1344 893 τῆς
1389 821 1752 890 παραϐάσεως
1781 819 1810 869 ὁ

231 913 502 984 ἡμέτερος
560 914 685 976 νοῦς
710 931 721 944 ·
753 915 855 984 γῆν
896 915 954 966 δὲ
1003 914 1345 982 κατωτάτην,
1382 913 1480 983 τὴν
1545 908 1809 979 μηδαμῶς

232 1002 493 1069 γνώσεως
554 1003 952 1074 αἰσθανομένην
1014 1003 1241 1073 θείαζοῆ
1294 1004 1393 1073 τῆς
1444 1002 1565 1054 κατ’
1609 1000 1809 1069 ἀρετὴν

227 1094 414 1163 ζωῆς,
442 1094 542 1165 τὴν
577 1095 790 1149 οἱανοῦν
825 1098 1035 1165 κίνησιν
1086 1095 1315 1164 ἔχουσαν
1368 1094 1479 1159 ἕξιν
1508 1111 1521 1125 ’
1576 1092 1810 1144 ἄϐυσσον

224 1184 310 1243 δὲ,
338 1184 436 1254 τὴν
471 1186 831 1256 ἐπικειμένην
860 1185 1083 1254 ἄγνοιαν
1108 1188 1174 1255 τῇ
1210 1184 1321 1249 ἔξει
1348 1186 1446 1253 τῆς
1473 1183 1702 1245 κακίας,
1723 1184 1807 1251 ἐφ’

224 1270 265 1349 ᾖ
298 1276 497 1347 βέϐηκε
521 1276 772 1347 καθάπερ
798 1280 890 1347 γῇ,
916 1277 985 1329 τὰ
1010 1276 1111 1346 τῆς
1141 1276 1344 1339 κακίας
1368 1276 1580 1345 πελάγη
1610 1275 1643 1344 ἢ
1681 1277 1805 1344 γῆν,

221 1368 329 1438 τὴν
403 1368 611 1437 παγίαν
662 1370 761 1437 τῆς
814 1368 1007 1429 κακίας
1050 1369 1162 1433 ἕξιν
1210 1363 1400 1419 εἶπενο
1442 1366 1692 1426 αίωνίους
1749 1365 1806 1417 δὲ

229 1462 486 1531 μοχλοὺς,
522 1462 622 1525 τὰς
661 1462 1075 1533 συγκρατούσας
1104 1463 1203 1531 τὴν
1235 1461 1515 1532 χειρίστην
1544 1460 1659 1525 ’έξιν
1702 1459 1806 1527 ἐμ·

225 1554 425 1617 παθείς
457 1554 833 1624 προσπαθείας
855 1555 963 1608 τῶν
992 1554 1213 1609 ὑλικῶν.

300 1734 410 1799 ἥγ’.
454 1730 518 1782 'll
549 1730 657 1783 τῶν
683 1729 855 1797 ἁγίων
898 1727 1143 1799 ὑπομονὴ
1168 1770 1185 1795 ,
1215 1727 1315 1798 τὴν
1358 1724 1604 1797 πονηρὰν
1642 1724 1805 1776 δύνα-

228 1839 327 1891 μιν
351 1820 817 1891 προσϐάλλουσαν,
846 1820 1062 1891 δαπανᾷ
1090 1836 1105 1850 ·
1140 1821 1217 1883 ὡς
1246 1818 1512 1872 πείθουσα
1532 1821 1641 1881 τοῖς
1664 1818 1804 1887 ὑπὲρ

1912 636 2241 705 principium
2272 648 2326 690 et
2356 639 2656 705 originem;
2688 642 2763 694 uti
2796 650 2880 695 est
2910 642 3042 695 illud
3079 658 3094 695 :
3131 640 3298 697 Subiit
3334 656 3492 713 caput

1914 743 2083 779 meum
2115 731 2375 780 scissura;
2414 731 2669 782 montium
2693 730 2757 783 ³³.
2788 731 3068 786 Scissuras
3106 741 3289 789 autem
3334 749 3493 797 mon-

1913 817 2070 881 tium,
2088 820 2551 887 nequissimorum
2580 821 2870 888 spirituum
2896 824 3121 877 consilia
3149 829 3202 873 et
3230 824 3489 886 rationes,

1909 910 2111 978 quibus
2150 926 2248 979 per
2286 912 2772 979 transgressionem
2812 928 2967 967 tncns
3005 925 3193 967 nostra
3230 914 3493 983 absorpta

1910 1008 1993 1052 cst
2037 1017 2050 1051 :
2101 1010 2299 1053 terram
2342 1018 2471 1055 vero
2519 1003 2784 1066 infimam,
2817 1003 2968 1056 onmi
3011 1004 3254 1058 scientia:
3293 1004 3493 1057 divinae

1911 1105 2072 1143 sensu
2124 1102 2404 1147 carentem
2452 1094 2735 1157 habitum,
2773 1111 2837 1148 ac
2886 1096 2979 1163 qui
3033 1095 3157 1147 vitae
3200 1111 3230 1148 e
3270 1097 3492 1149 virtutis

1912 1182 2216 1236 rationibus
2252 1184 2516 1239 institute
2548 1195 2697 1239 motu
2731 1187 2882 1239 omni
2918 1188 3276 1241 destituatur.
3309 1187 3455 1256 Abys
3476 1218 3489 1227 -

1910 1288 2053 1336 sum,
2085 1274 2449 1343 ignorantiam
2485 1278 2769 1345 pravitatis
2803 1278 3014 1331 babitui
3050 1279 3486 1343 incumbentem;

1910 1363 1965 1416 in
2015 1379 2214 1431 quam,
2258 1367 2406 1419 velut
2456 1367 2511 1419 in
2565 1377 2763 1420 terram
2818 1369 3186 1423 ascenderunt
3231 1370 3489 1437 nequitize

1906 1451 2073 1522 608
2117 1454 2320 1517 maria,
2371 1456 2484 1509 sive
2530 1464 2764 1517 terram,
2809 1455 3026 1509 ﬁrmum
3074 1459 3192 1510 vitii
3242 1458 3487 1510 habitum

1908 1546 2265 1615 nuncupavit.
2317 1548 2508 1601 Ver-tes
2566 1557 2837 1609 aeternos,
2888 1549 3185 1617 pessinmm
3239 1550 3487 1602 habitum

1907 1638 2330 1692 corroborantes
2363 1648 2709 1693 terrenorum
2739 1639 3069 1694 libidinosos
3094 1641 3344 1693 allectus.

1978 1729 2066 1782 95.
2113 1730 2438 1784 Sanctorum
2488 1733 2787 1800 patientia,
2826 1733 3166 1786 adorientem
3212 1732 3486 1800 nequissi-

1908 1836 2052 1874 mam
2084 1832 2408 1890 potestatem
2438 1824 2708 1889 absumit;
2741 1834 2801 1877 ut
2824 1841 2945 1892 quae
2975 1824 3255 1879 laboribus
3285 1808 3489 1880 verita-1

221 1878 487 1984 dihesis;
517 1878 1022 1981 ἐγκαλλωπίζεσθαι
1038 1878 1251 1979 πόνοις,
1272 1914 1395 1976 τοὺς
1433 1912 1602 1981 αὐτῆς
1623 1878 1804 1966 διακό-

1911 1910 1982 1963 tis
2020 1925 2183 1965 causa
2222 1911 2468 1966 ferendis
2507 1913 2752 1981 gloriari,
2787 1914 3053 1968 ministris
3088 1916 3203 1967 suis
3237 1915 3482 1978 suadeat,

222 2024 373 2068 νους,
407 2007 499 2059 καὶ
522 2007 680 2059 πλέον
702 2007 1139 2077 ὲμπλατύνεσθαι
1160 2006 1486 2060 διδάσκουσα
1508 2003 1808 2071 τοῖςπαθή-

225 2115 417 2167 μασιν,
432 2097 465 2169 ἢ
478 2101 596 2159 ταῖς
612 2100 703 2152 ἁνέ
713 2115 881 2159 σεσιν,
898 2100 946 2150 oi
963 2100 1062 2165 τῆς
1082 2099 1140 2151 ὲν
1155 2098 1316 2167 σαρκὶ
1336 2096 1481 2166 ζωῆς
1494 2097 1631 2163 ἄγαν
1644 2112 1808 2165 φρον-

220 2186 491 2249 τίζοντες,
529 2187 785 2240 ὑπόθεσιν
812 2189 992 2251 αὐτοῖς
1020 2188 1462 2257 ὑπερϐαλλούσης
1491 2174 1633 2240 κατὰ
1653 2186 1808 2238 πνεῦ·

130 2272 131 2275 ’
227 2294 309 2345 μα
339 2276 622 2346 δυνάμεως
660 2279 975 2347 ποιουμένη,
1005 2278 1103 2348 τὴν
1126 2278 1265 2331 κατὰ
1287 2278 1448 2346 φύσιν
1470 2276 1570 2345 τῆς
1603 2276 1803 2346 σαρκὸς

220 2369 356 2437 περὶ
389 2368 447 2421 τὸ
476 2369 705 2439 πάσχειν
735 2370 1040 2422 ἀσθένειαν.
1072 2370 1213 2439 ’Ὁρα
1245 2368 1353 2439 γὰρ
1381 2370 1529 2431 ὅπως
1555 2368 1655 2438 τῆς
1680 2368 1820 2425 καθ’·

216 2459 533 2529 ὑπερϐολὴν
561 2459 712 2523 θείας
743 2459 1038 2530 ,δυνάμεώς
1067 2460 1215 2513 ἐστιν
1268 2458 1546 2522 ὑπόθεσις,
1588 2461 1620 2529 ἠ
1661 2459 1802 2512 κατὰ
1828 2492 1831 2495 λ

223 2551 298 2618 φύ
310 2568 393 2603 σιν
428 2552 538 2604 τῶν
569 2552 740 2619 ἁγίων
768 2552 1041 2615 ἀσθένεια,
1067 2548 1135 2623 ἦς
1160 2553 1360 2621 ἥττονα
1399 2551 1487 2605 τὸν
1513 2542 1799 2621 ὑπερήφα-

220 2661 317 2695 νον
341 2644 585 2697 διάϐολον
611 2646 639 2696 ὁ
673 2644 875 2714 Κύριος
905 2645 1127 2709 ἔδειξεν.

298 2735 396 2802 [ηδ’.
444 2735 503 2787 Ὀ
538 2735 694 2803 λόγος
723 2736 825 2805 τῆς
852 2736 1097 2806 χάριτος,
1135 2734 1225 2789 διὰ
1249 2734 1461 2789 πολλῶν
1477 2735 1800 2813 πειρασμῶν

222 2831 362 2898 πρὸς
394 2828 491 2899 τὴν
520 2829 629 2881 τῶν
655 2828 957 2899 ἀνθρώπων
987 2828 1170 2899 φύσιν,
1198 2829 1367 2899 ήγουν
1410 2828 1510 2898 τὴν
1565 2829 1674 2881 τῶν
1713 2829 1802 2882 έθ-

220 2921 334 2971 νών
376 2920 729 2990 Ἐκκλησίαν,
764 2920 953 2990 ὥσπερ
994 2920 1183 2982 Ἰωνᾶς
1208 2920 1298 2974 διὰ
1320 2920 1530 2973 πολλῶν
1570 2920 1801 2989 θλίψεων

221 3011 364 3079 πρὸς
403 3013 588 3066 Νινευὶ
608 3012 803 3074 διαϐὰς
839 3012 939 3082 τὴν
965 3011 1121 3065 πόλιν
1169 3011 1269 3081 τὴν
1314 3012 1589 3082 μεγάλην,
1614 3011 1799 3064 ἔπεισε

222 3101 318 3152 τὸν
348 3100 704 3170 βασιλεύοντα
728 3101 891 3171 νόμον
923 3100 1021 3171 τῆς
1052 3100 1267 3169 φύσεως
1295 3098 1681 3167 ἐξαναστῆναι·
1706 3096 1797 3150 τοῦ

1911 1988 2212 2069 doceatque
2236 2016 2333 2055 eos
2360 2002 2531 2071 magis
2551 2002 2813 2057 aerumnis
2833 2003 3074 2067 dilatari,
3096 2021 3258 2073 quam
3284 2006 3487 2073 quibus

1907 2092 2145 2145 carnalis
2166 2093 2277 2146 vita
2309 2094 2542 2147 maxime
2570 2109 2716 2147 cura:
2741 2098 2845 2157 e‘st,
2868 2094 3080 2148 deliciis
3107 2095 3481 2160 Oblectentur;

1906 2184 2223 2238 excellentis
2264 2187 2346 2239 eis
2385 2186 2649 2254 spiritalis
2678 2187 2900 2241 virtutis
2932 2203 2994 2241 ac
3026 2188 3365 2241 fortitudinis
3391 2205 3482 2240 ar-

1905 2284 2225 2345 gumentum
2257 2277 2484 2337 faciens,
2515 2279 2816 2330 naturalem
2848 2278 3030 2331 carnis
3061 2280 3215 2330 malis
3244 2279 3484 2333 ferendis

1907 2368 2359 2423 imbecillitatem.
2385 2368 2519 2422 V'ide
2546 2368 2694 2423 enim
2722 2370 3180 2437 quemadmodum
3206 2370 3481 2423 excellen-

1905 2458 1976 2512 tis
2003 2458 2204 2511 divina:
2232 2457 2493 2526 potentia:
2524 2467 2936 2527 argumentum,
2965 2458 3229 2512 naturalis
3260 2470 3477 2514 sancto-

1904 2565 2027 2603 rum
2061 2550 2356 2603 intirmitas
2389 2550 2481 2613 sit,
2513 2565 2621 2618 qua
2653 2550 2918 2604 Dominus
2954 2551 3254 2620 superbum
3284 2552 3480 2608 diabo-

1902 2642 2014 2695 lum
2044 2642 2364 2696 infcriorem
2391 2641 2651 2696 ostendit.

1973 2734 2080 2788 94.⁴
2113 2734 2306 2788 Sermo
2359 2734 2580 2803 gratim,
2624 2750 2724 2804 per
2770 2737 2971 2789 multas
3026 2737 3359 2793 tentationes
3408 2737 3477 2792 ad

1902 2824 2204 2879 humanum
2234 2841 2409 2895 genus
2444 2826 2767 2894 (Ecclesiam
2801 2822 3010 2882 scilicet
3036 2828 3301 2898 gentium)
3327 2830 3479 2885 velut

1898 2915 2064 2989 Jonas
2113 2931 2211 2985 per
2260 2917 2459 2970 multas
2505 2901 2826 2972 atllictiones
2871 2928 3039 2985 atque
3087 2933 3363 2973 :erumnas
3407 2919 3475 2973 ad

1902 3008 2097 3062 Ninive
2125 3008 2403 3063 civitatem
2432 3024 2684 3078 magnam
2710 3025 3023 3064 commeans
3041 3010 3109 3073 ³ο,
3136 3010 3240 3080 legi
3269 3020 3476 3065 natura:

1902 3100 2050 3154 illius
2091 3101 2235 3169 regia
2276 3098 2551 3170 potestate
2584 3101 2891 3155 dominanti
2928 3103 3284 3163 auctor-fuit,
3314 3110 3374 3157 ut
3405 3104 3474 3156 de

220 3192 444 3263 θρόνου,
474 3194 575 3262 τῆς
612 3193 883 3265 προτέρας
912 3192 1111 3262 δηλαδὴ
1148 3190 1277 3259 περὶ⁸
1326 3189 1386 3242 τὸ
1438 3190 1605 3281 κακὸν
1628 3176 1795 3243 κατὰ

1903 3192 2045 3244 Solio
2072 3201 2320 3260 surgeret
2351 3193 2402 3263 (a
2436 3192 2622 3261 priore
2653 3193 2864 3246 scilicet
2894 3193 3095 3246 malum
3127 3202 3474 3267 consectante

220 3283 325 3353 τὴν
368 3284 620 3354 αἴσθησιν
648 3284 837 3349 ἕξεως,
864 3286 959 3336 καὶ
998 3281 1345 3354 περιελέσθαι
1366 3264 1467 3351 τὴν
1491 3281 1683 3361 στολὴν
1699 3282 1796 3335 αὑ-

221 3375 343 3439 τοῦ,
374 3377 463 3427 τὸν
518 3376 611 3428 ἐπὶ
666 3378 778 3437 τοῖς
824 3375 978 3443 ἧθεσι
1018 3374 1162 3443 λέγω
1197 3378 1294 3445 τῆς
1332 3375 1605 3443 κοσμικῆς
1640 3376 1797 3443 δόξης

222 3461 524 3514 ἀποθέσθαι
581 3460 783 3529 τῦφον,
830 3462 924 3514 καὶ
984 3460 1373 3530 περιϐαλέσθαι
1432 3462 1673 3524 σάκκον,
1734 3462 1813 3513 τὸ·

226 3550 425 3613 πένθος
454 3552 654 3621 δηλαδὴ
688 3551 783 3604 καὶ
818 3551 914 3621 τὴν
949 3550 1183 3621 δυσχερῆ
1240 3551 1335 3604 καὶ
1382 3555 1642 3623 τραχεῖαν
1697 3554 1796 3621 τῆς

223 3641 638 3706 κακοπαθείας,
681 3641 777 3694 καὶ
819 3639 918 3711 βίῳ
951 3640 1037 3713 ,τῴ
1097 3642 1239 3694 κατὰ
1293 3641 1425 3695 θεὸν
1479 3643 1796 3711 πρέπουσαν

222 3731 451 3801 ἀγωγήν
485 3747 498 3760 ·
540 3733 636 3785 καὶ
665 3731 891 3786 καθίσαι
922 3733 1016 3785 ἐπὶ
1042 3732 1237 3786 σποδοῦ
1270 3749 1283 3763 ⁵
1313 3734 1506 3796 σποδὸς
1537 3734 1594 3786 δέ
1648 3736 1796 3787 ἐστιν

224 3821 262 3889 ἡ
290 3821 534 3891 πτωχεία
570 3822 664 3875 τοῦ
720 3822 1050 3893 πνεύματος,
1091 3820 1295 3893 ἐφ’ἦςη
1327 3824 1618 3884 καθέζεται
1690 3826 1797 3887 πᾶς

223 3910 468 3974 εὐσεϐῶς
494 3911 595 3983 ζῇν
623 3913 1023 3982 διδασκόμενος,
1044 3918 1139 3969 κα)⁵
1158 3916 1257 3986 τὴν
1282 3916 1520 3986 μάστιγα
1543 3918 1640 3986 τῆς
1668 3934 1794 3969 συν-

224 4001 485 4071 ειδήσεως
524 4004 663 4074 ἔχων
704 4006 796 4058 ἐπὶ
824 4010 933 4070 τοῖς
954 4006 1445 4079 πλημμεληθεῖσιν,
1472 4008 1634 4059 αὐτὸν
1660 4025 1791 4061 κατ-

222 4094 564 4158 αικίζουσαν.
863 4105 866 4109 ’
944 4120 945 4123 η

300 4184 549 4256 ικεΎὉρα
580 4188 729 4251 ὅπως
763 4188 987 4257 βασιλέα
1017 4190 1115 4258 μὲν
1143 4185 1280 4244 εῖναι
1312 4190 1481 4258 λέγει,
1509 4192 1599 4244 τὸν
1632 4209 1793 4260 φυσι-

230 4278 327 4331 κὸν
385 4280 587 4349 νόμον·
624 4279 814 4350 θρόνον
862 4280 941 4344 δὲ,
978 4282 1076 4350 τὴν
1124 4281 1345 4352 ἐμπαθῆ
1392 4285 1513 4336 κατ’
1544 4285 1795 4354 αἴσθησιν

226 4367 360 4433 ἐξινο
386 4368 485 4438 τὴν
509 4368 566 4421 δὲ
588 4369 800 4439 στολὴν,
839 4369 936 4439 τὴν
968 4371 1067 4439 τῆς
1094 4374 1255 4440 κενῆς
1276 4372 1433 4443 δόξης
1472 4375 1741 4445 προϐολήν
1776 4392 1791 4406 ο

226 4459 318 4511 τὸν
346 4458 404 4511 δὲ
450 4460 675 4524 σάκκον,
701 4458 763 4511 τδ
807 4459 945 4513 κατὰ
969 4461 1067 4531 τὴν
1100 4461 1392 4531 μετάνοιαν
1425 4463 1618 4527 πένθος
1641 4479 1656 4493 ο
1693 4464 1793 4534 τὴν

1898 3301 1959 3338 ac
1993 3285 2185 3337 vitium
2219 3299 2412 3337 sensus
2447 3281 2659 3351 habitu)
2695 3282 3001 3350 stolamque
3035 3284 3358 3337 detraheret
3394 3284 3470 3351 (id

1898 3384 2000 3437 est,
2036 3374 2323 3428 mundana:
2363 3374 2546 3442 gloria:
2584 3387 2651 3425 ex
2689 3388 2903 3426 morum
2946 3383 3143 3426 ornatu
3182 3375 3469 3442 qtlwsilum

1899 3468 2095 3522 fastqu
2119 3466 2429 3535 abjieeret),
2450 3481 2512 3519 ac
2532 3481 2691 3520 sacco
2715 3464 3038 3520 indueretur
3066 3466 3293 3534 (luctum
3325 3467 3471 3521 scili-

1897 3568 2012 3619 cet,
2049 3566 2105 3610 οι
2152 3558 2436 3611 molestam
2482 3571 2546 3609 ac
2597 3556 2877 3610 laboribus
2925 3573 3202 3626 asperam,
3235 3558 3358 3612 vita:
3402 3574 3471 3612 ex

1896 3649 2453 3718 pietatisrationibns
2486 3648 2749 3701 institutae
2779 3662 3094 3719 congruam,
3120 3649 3465 3718 disciplinam

1896 3740 2221 3806 assumeret)
2252 3745 2415 3807 atque
2451 3738 2504 3791 in
2536 3738 2720 3792 cinere
2753 3740 2989 3794 sederet.
3018 3740 3112 3793 Est
3143 3755 3271 3794 vero
3304 3741 3464 3805 cinis,

1898 3838 2188 3899 paupertas
2223 3830 2482 3899 spiritus,
2516 3830 2567 3883 in
2602 3846 2711 3899 quo
2747 3831 2901 3884 sedet
2936 3832 3185 3900 quisquis
3223 3832 3346 3886 vita:
3379 3834 3467 3902 pie

1898 3921 2248 3975 instituendas
2293 3922 2581 3990 praeceptis
2625 3922 2912 3983 eruditur;
2968 3939 3064 3986 ac,
3104 3924 3197 3992 qui
3251 3924 3468 3979 medens

1896 4011 2247 4066 conscientia:
2277 4011 2573 4082 ﬂagellum,
2600 4028 2704 4081 pro
2744 4014 2811 4068 iis
2842 4030 2962 4083 qua:
2996 4014 3247 4084 deliquit,
3280 4015 3465 4071 habet.

1964 4192 2051 4247 95.
2096 4190 2231 4247 Vide
2276 4190 2740 4260 quemadmodum
2787 4206 2969 4260 regem
3017 4191 3253 4259 appellet
3292 4190 3463 4261 legem

1895 4284 2232 4348 naturalem;
2266 4282 2461 4337 solium
2496 4297 2657 4346 vero,
2691 4281 3048 4335 libidinosum
3082 4296 3276 4335 sensus
3308 4282 3464 4336 habi-

1897 4386 2044 4443 tum;
2073 4378 2289 4440 stolam,
2318 4377 2499 4431 inanis
2529 4376 2714 4445 glorias
2747 4376 3038 4440 amictum;
3078 4390 3318 4439 saccum,
3348 4392 3466 4444 pa)-

1895 4469 2139 4523 nitcntim
2178 4470 2417 4532 luctum;
2463 4468 2733 4531 cinerem,
2768 4467 3000 4521 modesti
3038 4467 3205 4521 animi
3244 4480 3466 4522 sensum

226 4546 284 4599 δὲ
313 4546 529 4611 σποδὸν,
552 4547 649 4618 τὴν
672 4551 1192 4620 ταπεινοφροσύνην·
1215 4552 1537 4622 ἀνθρώπους
1562 4555 1639 4618 δὲ,
1668 4558 1793 4619 τοὺς

1903 4560 1975 4631 (id
1999 4568 2101 4623 est,
2121 4560 2505 4627 humilitatem)
2531 4560 2797 4621 homines,
2824 4560 2915 4626 qui
2937 4559 3178 4621 ratione;
3199 4560 3463 4629 jumenta.

232 4640 362 4709 περὶ
402 4641 494 4693 τὸν
528 4640 685 4708 λόγον
721 4658 734 4672 ·
764 4646 936 4713 κτήνη
975 4643 1051 4707 δὲ,
1084 4645 1211 4707 τοὺς
1274 4646 1403 4715 περὶ
1453 4648 1551 4716 τὴν
1606 4648 1795 4700 ἐπιθυ-

232 4731 362 4801 μίαν
387 4745 401 4759 ⁶
440 4730 567 4801 βόας
610 4731 689 4795 δὲ,
722 4732 851 4795 τοὺς
899 4733 1028 4804 περὶ
1080 4733 1173 4787 τὸν
1206 4735 1376 4804 θυμόν
1402 4750 1415 4764 ⁸
1446 4735 1693 4805 πρόϐατα
1718 4738 1795 4804 δὲ,

226 4822 352 4882 τοὺς
378 4822 505 4891 περὶ
536 4821 634 4890 τὴν
668 4820 899 4892 θεωρίαν
922 4822 1030 4876 τῶν
1052 4824 1262 4893 ὁρατῶν
1292 4826 1602 4889 πταίοντας.

298 4912 412 4979 ιιι-δ”.
457 4914 516 4966 '0
537 4914 626 4966 διὰ
652 4914 751 4983 τὴν
779 4914 1000 4983 ἔννομον
1039 4917 1239 4987 ἀρετὴν
1263 4918 1371 4969 τῶν
1406 4919 1462 4970 έν
1498 4919 1671 4989 σαρκὶ
1693 4937 1797 4974 πα-

230 5003 337 5058 θῶν
360 5005 433 5068 ῶς
495 5006 801 5076 ἀριστερῶν
863 5005 1187 5077 ποιούμενος
1220 5007 1409 5077 λήθην,
1443 5011 1537 5062 καὶ
1579 5011 1665 5063 διὰ
1696 5010 1795 5081 τὴν

229 5096 522 5150 ἄπταιστον
551 5097 773 5164 γνῶσιν,
813 5097 906 5150 ἐπὶ
964 5100 1076 5160 τοῖς
1113 5100 1499 5168 κατορθώμασι
1546 5104 1610 5172 τῇ
1656 5102 1794 5172 νόσῳ

229 5192 326 5259 τῆς
348 5189 643 5259 φυσιούσης
672 5191 903 5260 οἰήσεως
942 5190 1016 5251 ώς
1038 5190 1219 5255 δεξιᾶς
1278 5192 1377 5259 οὐχ
1420 5192 1794 5263 ἁλισκόμενος,

232 5282 368 5355 ἀνὴρ
396 5284 608 5351 γέγονε,
648 5282 720 5353 μὴ
752 5282 1035 5350 γινώσκων
1080 5283 1262 5350 δεξιὰν
1294 5286 1483 5348 αὑτοῦ,
1517 5287 1592 5350 ώς
1640 5288 1797 5359 δόξης

231 5376 328 5427 οὐκ
372 5374 513 5444 ἐρῶν
552 5376 839 5444 λυομένης,
878 5374 998 5429 οὐδὲ
1056 5377 1380 5447 ἀριστερὰν,
1406 5378 1480 5441 ώς
1529 5382 1639 5442 τοῖς
1701 5382 1798 5451 τῆς

186 5465 192 5476 “
234 5466 433 5536 σαρκὸς
495 5466 594 5519 οὐκ
640 5466 1018 5537 ἐρεθιζόμενος
1076 5468 1293 5522 πάθεσι.
1332 5469 1522 5535 Δεξιάν
1571 5467 1684 5535 οὖν,
1717 5473 1793 5536 ώς

231 5558 425 5623 ἔοικεν,
454 5554 606 5611 εἶπεν
633 5560 661 5610 ό
689 5559 865 5628 λόγος,
898 5561 994 5631 τὴν
1034 5562 1125 5614 ἐπὶ
1153 5564 1263 5625 τοῖς
1310 5562 1470 5631 δῆθεν
1520 5564 1793 5635 κατορθώ-

234 5662 361 5719 μασι
388 5649 711 5718 κενοδοξίανο
745 5652 1039 5723 ἀριστερὰν
1066 5654 1145 5719 δὲ,
1168 5653 1265 5724 τὴν
1294 5656 1384 5707 ἐπὶ
1413 5658 1522 5719 τοῖς
1543 5658 1789 5727 αἰσχροῖς

303 5834 347 5865 ³⁸
371 5834 416 5889 ιι
451 5835 583 5906 Reg.
616 5851 743 5899 χχιι,
779 5836 829 5889 8.
911 5838 955 5869 “
986 5837 1135 5892 inme
1165 5854 1243 5899 m,
1286 5854 1300 5893 ι
1344 5854 1496 5910 seqq.

1574 5841 1614 5871 “
1650 5841 1800 5897 Jonxe
1847 5858 1919 5906 iv,
1958 5840 2041 5905 10,
2084 5841 2165 5894 ll.

1896 4653 1989 4722 qui
2020 4651 2350 4720 cupiditate;
2386 4650 2575 4713 boves,
2605 4649 2701 4717 qui
2736 4651 2847 4713 ira;
2885 4664 3035 4712 oves,
3068 4651 3160 4718 qui
3196 4665 3376 4703 rerum
3412 4650 3465 4704 in

1896 4753 2177 4815 aspectum
2208 4743 2523 4798 cadentium
2550 4742 2922 4812 speculatione
2948 4741 3252 4825 offendunt.

1965 4935 2051 4989 96.
2078 4934 2180 4999 Qui
2220 4932 2474 5003 legitima:
2505 4933 2727 4985 virtutis
2769 4946 2965 4994 causa,
2998 4933 3297 4986 carnalium
3332 4932 3466 4985 alie-

1898 5036 2083 5080 etuum
2114 5025 2264 5077 velut
2292 5024 2639 5076 sinistrorum
2674 5023 3046 5084 obliviscitur;
3083 5038 3288 5091 proque
3325 5023 3467 5076 inol-

1900 5119 2063 5172 fensm
2102 5116 2345 5170 scientiae
2382 5130 2633 5178 munere,
2659 5116 2730 5169 ob
2769 5116 3023 5182 prter-lare
3064 5123 3211 5183 gesta
3249 5130 3312 5169 ac
3353 5130 3466 5168 me-

1899 5210 2023 5273 rita,
2052 5209 2231 5261 inanis
2264 5208 2540 5277 iactantia»
2572 5207 2763 5259 morbo
2797 5205 3047 5273 fastuque
3084 5220 3192 5258 non
3228 5206 3462 5273 capitur,

1902 5302 1956 5355 in
2013 5301 2189 5354 virum
2247 5299 2454 5362 evasit,
2502 5300 2594 5367 qui
2658 5297 2865 5351 nesciat
2913 5296 3192 5351 dexteram
3242 5314 3394 5349 suam
3423 5300 3463 5329 “

1903 5391 2087 5462 (quem
2132 5390 2342 5443 scilicet
2382 5388 2638 5457 peritura:
2666 5387 2853 5457 gloria:
2879 5403 3035 5442 amor
3079 5403 3186 5441 non
3233 5390 3461 5456 teneat),

1898 5495 2075 5549 neque
2114 5494 2247 5533 vero
2290 5480 2567 5533 sinistram
2593 5477 2667 5541 ",
2712 5486 2771 5531 ut
2814 5493 2976 5545 quem
3018 5476 3197 5530 carnis
3237 5475 3464 5531 affectus

1895 5588 1992 5641 per
2025 5570 2309 5624 libidinem
2345 5584 2453 5622 non
2488 5569 2734 5623 illiciant.
2769 5570 3051 5623 Dexteram
3091 5569 3274 5639 igitur,
3303 5570 3464 5638 609

1904 5671 1963 5716 ut
2000 5659 2236 5725 videtur,
2266 5661 2476 5715 vocavit
2515 5660 2816 5730 Scriptura,
2851 5660 3067 5714 inanem
3106 5660 3355 5731 gloriam,
3402 5662 3472 5716 ob

2244 5842 2286 5870 δ’
2316 5839 2449 5892 ibid.
