4184 6436
705 431 829 494 134³]

1868 430 1926 487 S.
1969 425 2253 487 ΜᾹΧῘΜῘ
2297 423 2485 483 CONF
2499 422 2804 483 ESSORIS

3836 423 3979 488 1348

700 550 845 593 recte.
882 536 1018 593 (az-ta
1054 553 1118 594 ac
1148 538 1414 592 virtutum
1443 553 1638 609 opera;
1678 538 1954 593 sinistram
1983 556 2136 603 vero,
2161 557 2267 610 qua

2393 540 2620 591 πάθεσιν
2664 535 2984 590 ἀκολασίαν.
3022 535 3081 588 Ὀ
3119 533 3225 605 γὰρ
3255 533 3356 604 τῆς
3395 535 3600 606 ἀρετῆς
3647 535 3836 603 λόγος,
3875 535 3980 606 τῆς

699 646 767 682 ex
804 631 1059 698 turpibus
1094 629 1384 682 aﬁ‘ectibus
1412 639 1517 690 est,
1547 629 1841 683 luxuriam.
1869 629 2104 684 Virtutis
2133 631 2283 684 enim

702 733 887 772 sermo
915 728 1077 786 atque
1104 718 1263 780 ratio,
1291 726 1577 787 peccatum
1610 719 1794 772 carnis
1825 719 2001 772 nescit
2027 729 2283 787 tanquam

702 810 938 862 sinistrae
969 827 982 860 :
1015 809 1262 862 scientiae
1289 825 1419 863 vero
1452 812 1612 872 ratio,
1639 811 1806 865 animi
1835 811 2023 865 vitium
2060 827 2123 865 ac
2155 826 2284 880 pra-

699 899 924 951 vitatem
954 900 1133 953 nescit
1158 912 1416 969 tanquam
1443 901 1664 955 dextrae.

768 989 856 1044 97.
895 991 1176 1045 Virtutum
1221 1008 1289 1046 ex
1336 994 1549 1046 ratione
1595 993 1825 1048 scientia
1869 994 2028 1063 (vera
2071 993 2286 1048 scilicet

699 1080 880 1149 reipsa
915 1081 1171 1137 Auctoris
1202 1082 1470 1135 virtutum
1503 1085 1728 1153 agnitio)
1762 1085 2131 1138 omnimodam
2165 1085 2286 1152 ejus

701 1179 816 1224 tum
848 1187 1130 1235 excessus,
1161 1183 1275 1226 tum
1307 1174 1578 1237 defectus,
1607 1176 1702 1245 qui
1739 1178 1999 1244 utrinque
2025 1194 2051 1230 a
2077 1177 2284 1231 dextris

698 1275 753 1318 et
781 1281 808 1317 a
837 1267 1097 1328 sinistris,
1125 1269 1397 1320 virtutum
1428 1267 1798 1322 mediocritati
1831 1269 2102 1340 adjacent,
2133 1270 2284 1338 igno-

700 1359 930 1412 rantiam
997 1369 1260 1426 prmslare.
1329 1360 1514 1414 habet.
1585 1360 1868 1428 Siquidem
1932 1361 2078 1414 enim
2144 1360 2280 1413 nihil

698 1463 930 1515 prorsus
980 1459 1362 1518 emnparatum
1409 1459 1493 1503 est
1540 1466 1660 1503 esse
1712 1451 1764 1502 in
1811 1450 2024 1503 ratione
2063 1449 2208 1518 quod
2249 1465 2280 1503 a

697 1541 910 1593 ratione
963 1542 1299 1605 abhorreat;
1335 1543 1512 1611 palam
1559 1551 1664 1604 est,
1695 1557 1820 1596 eum
1859 1541 1951 1610 qui
1994 1540 2060 1595 ad
2101 1541 2281 1594 virtu-

697 1638 810 1683 tum
863 1632 1133 1684 rationem
1184 1641 1410 1685 evectus
1459 1631 1550 1695 sit,
1592 1647 1784 1685 eorum
1817 1645 1938 1700 quae
1987 1648 2015 1685 a
2066 1633 2281 1684 ratione

693 1721 1032 1775 abhorreant
1075 1737 1421 1791 nequaquam
1458 1725 1790 1793 positionem
1834 1739 2062 1793 remque
2096 1725 2281 1795 cogni-

694 1819 904 1865 turum.
946 1813 1063 1867 Non
1100 1815 1246 1891 enim
1283 1815 1559 1868 contraria
1592 1814 1898 1868 secundum
1935 1814 2079 1868 idem
2115 1813 2277 1868 simul

2388 632 2587 700 σαρκὸς
2644 629 2720 690 ὡς
2756 630 3056 699 ἁριστερΞς
3109 629 3208 680 οὑκ
3263 622 3403 680 οῖδεν
3453 629 3773 698 ἁμαρτίαν·
3835 631 3865 682 ὁ
3921 630 3980 682 δὲ

2385 724 2484 792 τῆς
2541 721 2819 790 γνώσεως.
2870 721 2970 792 τὴν
3013 721 3191 789 ψυχῆς
3240 719 3316 782 ὡς
3365 719 3546 784 δεξιᾶς
3597 721 3658 772 οὐ
3714 721 3981 788 γινώσκει

2387 835 2603 871 κακιαν.

2458 991 2564 1058 ιζ’.
2619 990 2682 1042 Ἢ
2708 987 2851 1042 κατὰ
2888 989 3048 1057 λόγον
3084 988 3287 1057 γνῶσις
3319 986 3428 1040 τῶν
3473 987 3713 1058 ἀρετῶν,
3738 988 3919 1058 ἤγουν
3947 987 3979 1057 ἡ

2386 1083 2502 1134 κατ’
2533 1081 2818 1151 ἐνέργειαν
2863 1080 3071 1150 ἀληθὴς
3113 1079 3214 1148 τῆς
3246 1079 3355 1130 τῶν
3392 1079 3608 1148 ἀρετῶν
3637 1078 3824 1141 αἰτίας
3852 1080 3981 1130 ἐπί-

2384 1191 2606 1240 γνωσις,
2635 1175 2861 1242 ἄγνοιαν
2896 1172 3136 1242 παντελῆ
3162 1171 3374 1239 πέφυκε
3410 1174 3608 1236 ποιεῖν,
3643 1172 3744 1241 τῆς
3790 1171 3980 1237 δεξιᾶς

2385 1269 2479 1319 καὶ
2527 1267 2826 1337 ἀριστερᾶς
2857 1264 3200 1336 ἑκατέρωθεν
3231 1264 3652 1334 παρακειμένης
3688 1267 3755 1336 τῇ
3812 1265 3981 1333 μεσό-

2383 1373 2507 1426 τητι
2555 1359 2666 1411 τῶν
2705 1358 2919 1426 ἀρετῶν
2951 1357 3260 1428 ὑπερϐολῆς
3292 1357 3388 1408 καὶ
3420 1355 3733 1424 ὲλλείζοεως.
3766 1357 3834 1408 El
3865 1355 3980 1423 γὰρ

2382 1451 2534 1502 οὑδὲν
2571 1453 2630 1502 ὲν
2658 1450 2736 1518 τῷ
2770 1450 2915 1519 λόγῳ
2951 1448 3231 1510 παντελῶς
3263 1448 3509 1518 πέφυκεν
3549 1444 3690 1502 εἶναι
3726 1448 3979 1517 παράλο·

2383 1559 2501 1610 γον,
2533 1542 2721 1610 σαφῶς
2749 1543 2777 1595 ὁ
2807 1542 2947 1618 πρὸς
2975 1543 3066 1596 τὸν
3097 1543 3256 1610 λόγον
3295 1542 3404 1595 τῶν
3437 1541 3650 1613 ἀρετῶν
3685 1540 3974 1610 ἀναχθεὶς,

2379 1634 2608 1704 τὴντῶν
2625 1635 2956 1705 παραλόγων
2998 1635 3251 1706 οὐδαμῶς
3289 1635 3660 1702 ἐπιγνώσεται
3690 1634 3864 1687 θέσιν.
3897 1635 3977 1686 Οὑ

2379 1727 2490 1797 γὰρ
2520 1727 2752 1780 δυνατὸν
2782 1727 2950 1796 ἄμφω
2983 1728 3126 1780 κατά
3149 1727 3347 1780 ταὺτὸν
3375 1728 3491 1796 ἅμα
3517 1725 3872 1796 καταθρῆσαι
3907 1728 3978 1776 τα

2383 1819 2757 1888 ἀντικείμενα,
2797 1819 2893 1872 καὶ
2919 1819 3132 1889 θατέρῳ
3160 1817 3276 1888 ἅμα
3293 1818 3354 1871 τὸ
3379 1818 3567 1889 ἓτερον
3597 1816 3808 1886 γνῶναι
3845 1834 3976 1869 συν-

691 1903 939 1972 conspiei
985 1886 1247 1973 possunt,
1296 1915 1460 1975 atque
1507 1906 1741 1959 alterum
1782 1920 1888 1958 una
1929 1919 2052 1958 eum
2099 1905 2267 1960 altero

2382 1929 2406 1963 ε
2417 1886 2802 1981 μφαινόμενον.

691 1996 856 2050 simul
889 1997 1134 2052 elucere.

761 2090 850 2144 98.
893 2089 1179 2158 Siquidem
1236 2091 1292 2142 in
1343 2088 1484 2152 ﬁde,
1536 2089 1880 2143 inﬁdelitatis
1928 2089 2077 2142 nulla
2133 2090 2274 2142 ratio

689 2192 805 2242 est;
854 2197 1032 2250 neque
1077 2182 1171 2234 lux
1224 2197 1324 2251 per
1374 2190 1626 2234 naturam
1673 2181 2028 2235 tenebrarum
2077 2189 2272 2234 auctor

688 2283 802 2340 est;
839 2289 941 2328 nec
979 2273 1202 2328 diabolo
1237 2283 1620 2343 comparatum
1658 2283 1716 2326 ut
1752 2289 1858 2327 una
1893 2289 2017 2328 cum
2048 2272 2271 2327 Christo

687 2373 1031 2434 compareat;
1068 2365 1230 2434 plane
1276 2381 1457 2433 neque
1503 2374 1563 2418 ut
1595 2363 1794 2418 rationi
1828 2365 2053 2418 omnino
2085 2379 2272 2419 comes

686 2446 935 2521 exsistat,
969 2457 1115 2526 quod
1163 2457 1430 2510 abhorret
1457 2472 1486 2509 a
1522 2456 1756 2510 ratione.
1800 2455 1895 2510 Sin
1935 2466 2116 2509 autem
2148 2471 2270 2510 om-

686 2549 820 2604 nino
866 2548 1069 2604 rationi
1099 2563 1286 2605 comes
1313 2563 1434 2603 esse
1470 2562 1576 2600 non
1610 2556 1791 2616 potest
1823 2546 1970 2616 quod
2005 2546 2270 2602 abhorret

687 2656 716 2694 a
753 2640 1002 2703 ratione,
1031 2639 1126 2708 qui
1173 2638 1239 2692 ad
1276 2638 1544 2691 virtutum
1579 2637 1850 2690 rationem
1895 2645 2121 2690 evectus
2159 2645 2265 2700 est,

685 2730 1106 2786 abhorrentium
1149 2743 1178 2782 a
1221 2728 1430 2782 ratione
1467 2727 1799 2797 positionem
1838 2725 2268 2796 haudquaquam

681 2827 981 2890 agnoscet;
1033 2819 1129 2888 qui
1179 2818 1394 2872 scilicet
1440 2819 1635 2879 solam,
1677 2817 1759 2871 uti
1809 2817 1925 2886 ipsa
1968 2832 2027 2871 se
2076 2816 2262 2882 habet,

683 2925 792 2965 nor.
828 2919 890 2964 ut
935 2910 1307 2972 existimatur,
1340 2917 1637 2980 cognoscat
1678 2909 1944 2962 virtutem
1973 2925 1987 2960 :
2023 2908 2266 2978 hincque

680 3014 790 3069 est,
823 3012 882 3057 ut
925 3019 1103 3074 neque
1143 3002 1426 3058 dexteram
1477 3017 1576 3070 per
1619 3015 1930 3062 excessum,
1971 3015 2150 3069 neque
2185 3000 2264 3054 si-

681 3096 911 3149 nistram
947 3109 1048 3163 per
1091 3093 1394 3152 defectum,
1427 3091 1585 3145 sciat.
1624 3091 1870 3158 Utraque
1912 3089 2063 3144 enim
2103 3097 2263 3159 parte

681 3183 860 3251 palam
891 3181 1236 3250 intelligitur,
1265 3179 1414 3248 quod
1444 3179 1742 3234 abhorreat
1771 3193 1800 3231 a
1831 3178 2068 3232 ratione.

750 3269 840 3323 99.
880 3239 1461 3323 lnﬁdelitatem-vocat
1491 3283 1587 3322 seu
1620 3267 2084 3331 incredulitatem,
2111 3266 2262 3336 quod
2290 3239 2332 3298 Ο

679 3363 807 3432 quis
838 3362 1074 3432 abneget
1114 3362 1401 3430 mandata;
1450 3360 1613 3414 ﬁdem
1651 3375 1806 3422 vero,
1842 3359 1993 3428 quod
2035 3361 2145 3416 illis
2181 3377 2268 3416 as-

679 3470 906 3517 sensum
973 3453 1234 3523 prazbeat.
1310 3435 1627 3514 Tenebras,
1709 3450 1840 3505 boni
1928 3451 2262 3521 honestique.

679 3546 1072 3619 ignorantiam;
1125 3546 1328 3608 lucem,
1375 3545 1496 3615 ejus
1544 3543 1901 3612 agnitionem.
1953 3542 2262 3610 Christum,

677 3641 808 3694 boni
852 3640 1187 3708 honestique
1229 3632 1522 3707 appellavit
1563 3636 1862 3691 essentiam
1901 3651 1966 3690 ac
2000 3637 2261 3692 substan-

677 3733 831 3786 tiam.
886 3731 1176 3784 Diabolum
1227 3728 1505 3798 denique,
1545 3728 1641 3797 qui
1697 3728 1968 3781 malorum
2014 3730 2260 3783 omnium

676 3837 879 3892 parens
907 3821 1158 3883 exsistat,
1190 3817 1490 3888 pessimum
1526 3818 1800 3871 habitum.

746 3915 875 3968 100.
903 3913 1040 3968 Cum
1081 3912 1224 3966 ratio
1259 3925 1445 3964 rerum
1485 3909 1612 3965 ﬁnis
1659 3910 1967 3980 modusque
2004 3911 2255 3976 exsistat,

672 4007 906 4077 perinde
943 4015 1027 4060 est
1068 4005 1134 4060 ad
1186 4003 1414 4060 rationis
1455 4004 1785 4068 absentiam,
1818 4013 1984 4073 atque
2030 4004 2169 4058 adeo
2198 4015 2259 4060 ut

672 4116 700 4152 a
735 4099 950 4154 ratione
981 4098 1296 4157 abhorreat,
1332 4106 1533 4164 praeter
1571 4095 1734 4149 linem
1781 4095 2132 4166 modumque,
2163 4107 2258 4151 aut

674 4208 867 4247 rursus
893 4206 1061 4260 supra
1094 4190 1206 4251 illa,
1239 4188 1472 4242 moveri.
1503 4187 1790 4242 Utrumvis
1815 4189 1986 4252 enim,
2016 4188 2137 4250 hos,
2161 4190 2256 4258 qui

671 4287 752 4340 sic
800 4291 1150 4344 moveantur,
1181 4281 1250 4335 ab
1288 4295 1356 4334 eo
1403 4279 1549 4348 quod
1597 4288 1682 4333 est
1729 4280 1950 4349 proprie
1998 4295 2256 4336 exerrare

670 4377 803 4431 facit
839 4392 856 4429 :
889 4376 1123 4429 alterum
1170 4373 1427 4442 quidem,
1485 4372 1757 4425 incertum
1814 4373 2090 4441 nullisque
2141 4381 2254 4427 ter-

671 4469 836 4522 minis
868 4466 1155 4520 deﬁnitum
1204 4479 1429 4518 cursum
1473 4477 1740 4532 peragerc
1776 4463 2041 4527 suadens;
2091 4464 2256 4535 610

2451 2093 2562 2162 ιη’.
2604 2092 2677 2148 Εἰ
2703 2094 2967 2156 ἀπιστίας
3007 2095 3067 2146 έν
3088 2096 3154 2163 τῇ
3201 2094 3386 2145 πίστει
3418 2091 3576 2161 λόγος
3613 2092 3819 2154 οὐδεὶς,
3847 2092 3976 2144 οὑδὲ

2381 2185 2608 2246 σκότους
2661 2185 2810 2237 αἰτία
2859 2185 3002 2237 κατά
3051 2185 3214 2251 φύσιν
3262 2185 3497 2254 ὑπάρχει
3542 2184 3606 2237 τὸ
3646 2183 3791 2250 φῶς,
3843 2183 3975 2236 οὐδὲ

2380 2275 2601 2344 Χριστῷ
2633 2275 3113 2328 συνενδείκνυσθαι
3157 2277 3403 2344 πέφυκεν
3441 2278 3472 2329 ό
3512 2274 3782 2338 διάϐολος,
3806 2274 3976 2342 δῆλον

2375 2365 2452 2428 ὡς
2478 2367 2600 2419 οὑδὲ
2633 2366 2711 2436 τιῷ
2740 2367 2882 2437 λόγῳ
2910 2369 3241 2438 τοπαράπαν
3261 2370 3598 2438 συνυπάρχει
3630 2368 3695 2421 τδ
3721 2369 3976 2439 παράλο-

2378 2473 2495 2526 γον.
2528 2458 2592 2510 Εἰ
2634 2458 2693 2511 δὲ
2744 2458 2822 2529 τῷ
2859 2459 3004 2529 λόγῳ
3046 2463 3286 2514 συνεῖναι
3319 2459 3601 2523 παντελῶς
3630 2461 3692 2513 οὑ
3733 2460 3979 2518 δύναται

2379 2548 2440 2600 τὸ
2473 2550 2805 2619 παράλογον,
2837 2551 2866 2603 ὁ
2899 2551 3036 2620 πρὸς
3077 2551 3172 2603 τὸν
3217 2549 3376 2620 λόγον
3413 2551 3524 2604 τῶν
3571 2551 3791 2620 ἀρετῶν
3830 2553 3975 2606 ἀνα-

2374 2638 2544 2709 χθεὶς,
2597 2639 2695 2712 τὴν
2759 2642 2868 2694 τῶν
2914 2641 3246 2712 παραλόγων
3293 2643 3545 2714 οὐδαμῶς
3589 2643 3974 2712 ἐπιγνώσεται

2373 2731 2546 2796 θέσιν,
2590 2733 2759 2804 μόνην
2787 2733 2865 2797 ὡς
2901 2734 3071 2798 ἔστιν,
3107 2734 3227 2788 ἀλλ’
3267 2735 3368 2806 οὑχ
3421 2735 3497 2800 ὡς
3549 2736 3842 2807 νομίζεται
3873 2755 3974 2805 γιο

2373 2824 2602 2878 νῶσκων
2631 2826 2729 2896 τὴν
2759 2827 2964 2897 ἀρετήν
2984 2845 2998 2859 ’
3034 2828 3130 2880 καὶ
3159 2827 3248 2882 διὰ
3275 2827 3439 2880 τοῦτο
3487 2829 3629 2898 μήτε
3659 2827 3853 2893 δεξιὰν
3878 2830 3974 2883 διὰ

2373 2920 2470 2988 τῆς
2501 2919 2742 2990 ὑπερὸολ
2757 2919 2842 2989 ῆς,
2887 2922 3026 2991 μήτε
3069 2921 3366 2994 ἀριστερὰν
3401 2921 3492 2976 διὰ
3533 2922 3632 2992 τῆς
3663 2923 3975 2994 ἐλλείψεως

2372 3010 2759 3080 ἐπιστάμενος.
2805 3011 2924 3065 Ἐπ’
2960 3014 3164 3082 ἀμφοῖν
3208 3015 3318 3085 γὰρ
3348 3014 3642 3085 θεωρεῖται
3674 3015 3874 3084 σαφῶς
3899 3017 3969 3070 τὺ

2370 3117 2447 3154 πα
2455 3101 2698 3171 ραλογον.

2439 3279 2544 3345 Lﬂ'.
2599 3281 2888 3335 Ἀπιστίαν
2923 3282 3097 3350 λέγει,
3127 3282 3228 3353 τὴν
3256 3284 3488 3354 ἄρνησιν
3523 3284 3632 3338 τῶν
3681 3285 3965 3339 ἐντολῶν

2370 3367 2550 3422 πίστιν
2587 3369 2667 3430 δὲ,
2712 3372 2810 3440 τὴν
2840 3371 3022 3424 αὑτῶν
3067 3373 3499 3440 συγκατάθεσιν·
3537 3373 3598 3427 τὸ
3634 3373 3696 3428 δὲ
3733 3375 3964 3440 σκότος,

2367 3457 2462 3510 τοῦ
2497 3458 2664 3510 καλοῦ
2691 3460 2788 3529 τὴν
2817 3460 3046 3528 ἄγνοιαν
3067 3477 3081 3491 ·
3117 3461 3180 3514 τὸ
3209 3461 3268 3514 δὲ
3302 3462 3444 3530 φῶς,
3483 3463 3585 3534 τὴν
3613 3467 3814 3518 τούτου
3847 3467 3968 3520 διά-

2364 3565 2590 3614 γνωσιν.
2633 3551 2870 3621 Χριστὸν
2902 3551 2958 3604 δὲ
2986 3551 3248 3623 κέκληκε,
3285 3553 3386 3624 τὴν
3415 3554 3606 3608 οὐσίαν
3646 3555 3744 3609 τοῦ
3780 3556 3961 3610 καλοῦ

2364 3644 2458 3695 καὶ
2507 3642 2608 3712 τὴν
2648 3643 2982 3697 ὑπόστασινο
3016 3645 3108 3698 τὸν
3151 3645 3398 3699 διάϐολον
3451 3646 3531 3710 δὲ,
3579 3647 3678 3719 τὴν
3719 3649 3957 3703 πάντων

2361 3731 2689 3804 γεννητικὴν
2711 3734 2822 3786 τῶν
2847 3734 3038 3788 κακῶν
3069 3737 3356 3808 χειρίστην
3387 3735 3522 3803 ἕξιν.

2433 3916 2500 3980 ρ’.
2543 3909 2605 3963 Ei
2639 3911 2763 3981 ὄρος
2797 3913 3033 3984 ὑπάρχει
3083 3915 3177 3968 καὶ
3226 3915 3426 3986 μέτρον
3451 3916 3559 3970 τῶν
3587 3917 3759 3972 ὕπων
3792 3919 3824 3970 ὁ
3855 3919 3951 3972 λό-

2358 4018 2475 4070 γος,
2509 4003 2626 4057 ἴσον
2669 4005 2806 4075 πρὸς
2853 4005 3078 4074 ἀλογίαν
3105 4008 3243 4071 ἐστὶ,
3274 4009 3370 4061 καὶ
3400 4007 3490 4062 διὰ
3510 4009 3671 4062 τοῦτο
3700 4010 3952 4080 παράλο-

2359 4109 2476 4159 γον,
2508 4094 2570 4146 τὸ
2601 4093 2756 4164 παρὰ
2777 4094 2869 4146 τὸν
2899 4095 3023 4164 ὅρον
3051 4095 3144 4149 καὶ
3173 4096 3325 4164 παρά
3369 4097 3430 4150 τὸ
3456 4099 3680 4168 μέτρον,
3710 4098 3743 4168 ἢ
3777 4099 3949 4154 πάλιν

2359 4184 2498 4254 ὑπὲρ
2528 4184 2619 4236 τὸν
2653 4184 2780 4254 ὅρον
2821 4185 3092 4239 κινεῖσθαι
3114 4187 3209 4239 καὶ
3244 4187 3386 4256 ὑπὲρ
3417 4186 3480 4239 τὸ
3512 4189 3734 4257 μέτρον.
3785 4189 3945 4243 Ἐπί·

2358 4287 2459 4340 an:
2494 4270 2604 4342 γὰρ
2651 4272 2820 4341 ἄμφω
2863 4276 2975 4336 τοῖς
3025 4273 3170 4341 οὑτω
3211 4273 3549 4345 κινουμένοις
3595 4275 3690 4328 τοῦ
3727 4277 3942 4348 κυρίως

2355 4364 2507 4425 δντος
2548 4364 2708 4433 φέρει
2749 4366 2852 4434 τὴν
2893 4365 3202 4418 ἔκπτωσιν·
3246 4366 3309 4418 τὸ
3355 4367 3474 4437 μὲν,
3522 4368 3718 4438 ἄδηλον
3749 4371 3942 4434 αὑτοῖς

2356 4456 2624 4509 ποιεῖσθαι
2652 4455 2747 4508 τοῦ
2791 4456 2992 4526 δρόμου
3027 4459 3215 4510 πεῖθον
3245 4457 3346 4528 τὴν
3393 4459 3608 4528 κίνησιν
3645 4459 3741 4514 καὶ
3778 4461 3943 4530 ἀόρι-

667 4561 746 4614 sic
797 4559 1082 4619 nimirum,
1118 4566 1179 4611 ut
1220 4572 1333 4626 prae
1383 4555 1585 4608 mentis
1630 4553 2086 4619 immoderantia,
2135 4564 2255 4609 tan-

2368 4563 2502 4610 στον,
2545 4549 2647 4600 οὑκ
2708 4547 2938 4617 ἔχουσαν
2997 4549 3199 4601 σκοπὸν
3244 4551 3336 4602 τὸν
3378 4551 3513 4603 Θεὸν
3549 4551 3618 4603 δι’
3663 4552 3942 4622 ἀμετρίαν

665 4669 830 4724 quam
862 4653 1026 4706 ﬁnem
1065 4651 1172 4704 illis
1201 4659 1671 4719 praeconceptum,
1703 4647 1877 4701 Deum
1919 4647 2253 4702 destinatum

663 4761 774 4800 non
825 4745 1099 4805 habeant;
1142 4743 1272 4795 dum
1322 4753 1392 4793 eo
1443 4738 1590 4808 quod
1637 4737 1894 4791 dextrum
1939 4746 2058 4800 est,
2107 4738 2254 4792 aliud

663 4830 796 4902 quid
844 4831 1019 4899 magis
1063 4828 1323 4882 dextrum
1375 4841 1437 4880 ac
1487 4825 1724 4889 beatius,
1761 4827 2034 4881 somniant
2072 4843 2086 4878 :
2121 4827 2254 4881 alte-

661 4939 784 4978 rum
826 4937 958 4978 vero
1011 4920 1073 4974 in
1118 4921 1363 4974 animum
1418 4917 1710 4980 inducens,
1742 4928 1803 4972 ut
1844 4929 2044 4988 praeter
2083 4919 2254 4974 desti-

660 5027 874 5076 natum,
909 5014 964 5067 in
1018 5011 1200 5066 solum
1247 5023 1473 5063 sensum
1512 5024 1736 5063 cursum
1775 5007 2090 5073 intendant;
2121 5007 2252 5064 dum

660 5120 772 5174 prae
824 5100 1029 5156 mentis
1081 5097 1429 5168 pusillitate,
1475 5111 1638 5166 quem
1687 5111 1850 5150 sensu
1899 5097 2251 5151 circumscri-

581 5220 588 5228 -
661 5195 836 5256 bunt,
893 5197 1336 5260 prteconccptum
1388 5186 1552 5241 ﬁnem
1609 5187 1946 5242 existimant.
1995 5187 2119 5241 lltec.
2171 5189 2250 5241 rei

662 5287 783 5356 ipso
809 5297 976 5339 sensu
1020 5299 1129 5336 non
1169 5281 1478 5350 experitur,
1515 5280 1609 5349 qui
1649 5279 1749 5333 soli
1785 5279 2008 5334 virtutis
2050 5280 2249 5334 rationi

658 5377 970 5438 devinctus,
998 5387 1221 5428 omnem
1258 5372 1462 5426 mentis
1494 5387 1606 5426 suae
1634 5371 1909 5424 facultatis
1943 5379 2152 5423 motum
2184 5388 2247 5426 ea

657 5466 942 5531 deﬁnivit;
975 5481 1039 5518 ex
1071 5478 1182 5533 quo
1218 5462 1292 5514 illi
1322 5471 1427 5522 est,
1458 5472 1519 5516 ut
1555 5461 1693 5514 nihil
1726 5476 1889 5528 supra
1917 5469 2012 5513 aut
2045 5470 2243 5528 praeter

659 5557 950 5614 rationem,
984 5553 1186 5621 illaque.
1214 5551 1384 5604 invita
1414 5551 1598 5603 animo
1631 5549 1872 5619 cogitare
1903 5551 2094 5618 possit.

974 5663 1232 5732 QUINTO
1269 5658 1591 5719 CENTEN’A
1625 5661 1898 5716 CAPITA.

731 5763 778 5816 l.
822 5758 1097 5812 Naturalis
1129 5757 1290 5819 ratio,
1326 5772 1423 5825 per
1454 5755 1663 5810 medias
1692 5751 1946 5818 virtutes,
1979 5772 2104 5808 eum
2144 5755 2234 5823 qui

727 5873 742 5891 ⁶
773 5871 854 5926 Cf.
893 5868 956 5922 ad
989 5868 1146 5923 Thai.
1177 5886 1224 5938 (ξ,
1268 5870 1350 5920 (ii.

2357 4638 2494 4701 νοὸς,
2524 4639 2599 4701 ὠς
2630 4639 2783 4702 τέλος
2823 4640 3007 4702 αὑτοῖς
3040 4641 3562 4711 προεπινοοὺμενον·
3597 4641 3692 4695 τοῦ
3730 4643 3937 4707 δεξιοῦ,

2352 4727 2669 4800 δεξιώτερον
2716 4730 3246 4801 ἀναπλαττομένοιςο
3293 4733 3355 4785 τὸ
3395 4731 3474 4798 δὲ,
3512 4733 3664 4803 παρὰ
3688 4733 3782 4788 τὸν
3808 4752 3940 4789 σκο-

2352 4821 2477 4883 πὸν,
2511 4823 2648 4893 πρὸς
2696 4822 2864 4893 μόνην
2908 4823 3009 4894 τὴν
3057 4822 3312 4894 αἴσθησιν
3351 4825 3552 4888 αὐτοὺς
3591 4824 3803 4891 πεῖθον,
3836 4827 3938 4881 τοῦ

2354 4913 2554 4985 δρόμου
2581 4913 2854 4968 ποιεῖσθαι
2878 4915 2979 4984 τὴν
3014 4915 3252 4983 κίνησιν,
3275 4915 3344 4970 δι’
3369 4915 3590 4980 ἀτονίας
3618 4917 3760 4981 νοὸς,
3795 4935 3938 4989 προ-

2357 5005 2743 5076 επινοοὺμενον
2792 5005 2945 5070 τέλος
2990 5007 3334 5076 νομίζοντας,
3399 5007 3460 5060 τὸ
3503 5009 3626 5061 κατ’
3672 5009 3937 5079 αἴσθησιν

2351 5097 2535 5159 αὑτοῖς
2578 5097 3090 5168 περιγραφόμενον
3120 5097 3265 5166 ἅπερ
3294 5098 3479 5168 ἀγνοεῖ
3519 5099 3594 5170 μὴ
3625 5099 3880 5170 πάσχων.
3905 5105 3936 5155 ό

2353 5189 2498 5258 μόνῳ
2540 5188 2618 5258 τῷ
2660 5189 2804 5258 λόγῳ
2849 5189 2955 5258 τῆς
2985 5191 3187 5261 ἀρετῆς
3217 5191 3578 5262 συνημμένος.
3611 5192 3706 5246 καὶ
3742 5194 3935 5248 πᾶσαν

2349 5279 2498 5349 αὑτῴ
2542 5281 2640 5349 τῆς
2670 5280 2812 5333 κατά
2850 5280 2977 5332 νοῦν
3018 5281 3228 5344 οίκειας
3259 5281 3539 5352 δυνάμεως
3573 5285 3932 5354 περιγράψας

2346 5373 2444 5443 τὴν
2476 5373 2713 5439 κίνησιν,
2761 5374 2855 5426 καὶ
2902 5372 3151 5427 διατοῦτο
3195 5374 3360 5444 μηδὲν
3396 5374 3535 5444 ὑπὲρ
3582 5377 3673 5428 τὸν
3705 5376 3870 5446 λόγον
3893 5378 3929 5446 ἦ

2351 5467 2500 5535 παρὰ
2529 5465 2621 5516 τὸν
2653 5465 2809 5532 λόγον
2847 5465 3177 5519 διανοεῖσθαι
3211 5465 3526 5536 δυνάμενος.

2749 5665 3162 5716 ΕΚΑΤΟΝΤΛΣ
3203 5665 3517 5718 ΠΕΜΠΊῊ.

2416 5761 2483 5808 α’.
2529 5759 2543 5774 ⁹
2580 5757 2638 5808 Ὀ
2679 5758 2818 5810 κατὰ
2864 5757 3024 5832 φύσιν
3074 5756 3246 5825 λόγος,
3295 5757 3382 5811 διὰ
3433 5757 3609 5826 μέσων
3649 5757 3760 5809 τῶν
3792 5760 3926 5826 ἀρε-
