4184 6436
193 404 311 469 ιειε

890 400 1224 464 CAPITUM
1266 397 1689 469 QUINQUIES
1726 395 2246 457 CENTENORUM
2283 396 2670 456 CENTURIA
2713 398 2772 457 ν.

3352 397 3489 464 1350

182 524 322 585 τῶν,
359 522 517 592 πρὸς
548 522 640 574 τὸν
676 518 802 574 νοῦν
844 519 1070 587 ἀνάγειν
1120 518 1333 586 πέφυκε
1376 515 1467 568 τὸν
1507 511 1798 584 ἐπιμελού-

1915 514 2109 566 actioni
2151 513 2492 581 diligentiam
2536 513 2720 579 habet,
2759 513 2828 567 ad
2866 512 3285 583 intelligentiam
3328 530 3487 570 men-

185 632 359 684 μενον
396 616 663 684 πράξεως
686 627 699 641 ⁸
734 615 762 667 6
789 612 846 666 δὲ
888 612 1010 674 νοῦς
1042 611 1180 681 πρὸς
1211 609 1309 681 τὴν
1351 608 1547 676 σοφίαν
1584 606 1797 674 εἰσάγει

175 705 270 757 διὰ
305 704 572 776 θεωρίας
612 704 702 757 τὸν
746 704 1032 772 ἐφιέμενον
1073 701 1348 769 γνώσεως.
1385 701 1428 753 Τ
1431 701 1458 752 ὸ
1480 700 1535 753 δὲ
1561 699 1800 769 παράλου

176 812 281 860 γον
312 796 534 857 πάθος,
569 796 705 859 πρὸς
750 793 848 864 τὴν
893 792 1147 861 αἴσθησιν
1176 790 1353 843 πείθει
1394 787 1801 859 καταφέρεσθαι

172 888 276 941 τὸν
308 886 651 957 ἀμελοῦντα
682 886 791 939 τῶν
829 884 1084 947 ἐντολῶν,
1118 878 1186 955 ἦς
1228 882 1380 946 τέλος
1410 882 1548 946 ἐστὶ,
1577 881 1637 934 τὸ
1664 879 1801 951 πρὸς

172 979 281 1049 τὴν
316 979 540 1049 ἡδονὴν
573 976 959 1048 καθηλωθῆναι
981 974 1073 1028 τὸν
1101 972 1247 1028 νοῦν.

251 1158 325 1224 β’.
393 1158 643 1227 Ἀρετὴν
686 1155 864 1215 καλεῖ,
897 1154 998 1224 τὴν
1030 1152 1417 1221 ἀπαθεστάτην
1459 1155 1556 1205 καὶ
1597 1150 1801 1220 παγὶαν

170 1251 319 1322 περὶ
352 1251 424 1302 τὸ
456 1250 629 1303 καλὸν
675 1249 810 1312 ἕξιν,
839 1242 907 1319 ἦς
945 1246 1031 1315 ἐφ’
1060 1245 1299 1317 ἑκάτερα
1329 1243 1674 1314 καθέστηκεν
1713 1245 1803 1297 οὺ-

169 1345 292 1406 δέν,
340 1344 503 1396 Θεοῦ
535 1342 806 1412 φερούσης
832 1342 1184 1411 χαρακτῆρα,
1216 1330 1261 1405 ᾧ
1288 1337 1441 1390 οὐδέν
1466 1338 1612 1389 ἐστιν
1647 1338 1802 1390 ἐναν-

170 1435 321 1488 τίον.
358 1432 544 1486 Λίτία
591 1432 647 1485 δὲ
686 1430 797 1483 τῶν
832 1430 1041 1500 ἀρετῶν
1076 1431 1228 1481 ἐστιν
1256 1430 1285 1480 6
1323 1426 1456 1488 Θεὸς
1478 1442 1491 1455 ·
1524 1426 1712 1479 τούτου
1745 1427 1802 1479 δὲ

172 1525 309 1579 κατ’
336 1525 646 1596 ἐνέργειαν
684 1523 908 1592 γνῶσις,
946 1524 979 1591 ἡ
1011 1520 1103 1575 τοῦ
1125 1520 1247 1574 κατ’
1280 1518 1538 1589 ἀλήθειαν
1561 1520 1804 1585 ἐπεγνω-

172 1619 351 1680 κὸτος
380 1617 490 1670 τὸν
512 1616 646 1669 Θεὸν
666 1615 803 1685 πρὸς
826 1614 890 1668 τὸ
915 1614 1138 1684 πνεῦμα
1165 1610 1307 1665 κατά
1333 1609 1432 1674 τὴν
1456 1610 1805 1675 ’ἐξινάλλοίωο

176 1728 296 1774 σις.

252 1809 329 1869 γ’.
364 1802 437 1854 Εἰ
465 1803 496 1854 ὀ
512 1800 667 1869 λόγος
695 1797 947 1869 διώρισεν
969 1797 1045 1861 ὡς
1073 1795 1315 1865 πέφυκεν
1332 1796 1561 1849 ἑκάστου
1584 1794 1681 1865 τὴν
1698 1794 1804 1864 γέ-

178 1910 367 1955 νεσιν,
401 1892 569 1945 οὐδὲν
597 1891 707 1943 τῶν
729 1891 897 1943 ὄντων
927 1888 1090 1941 ἑαυτὸ
1103 1887 1348 1956 φυσικῶς
1372 1888 1403 1955 ἢ
1428 1886 1806 1956 ὑπερϐέϐηκεν
1839 1864 1880 1922 Β

182 1982 214 2053 ἦ
252 1983 649 2053 ὑποϐέϐηκεν.
689 1979 899 2035 Οὐκοῦν
931 1981 1057 2049 ὄρος
1101 1979 1200 2048 μὲν
1227 1978 1337 2031 τῶν
1364 1978 1534 2030 ὄντων
1579 1976 1742 2040 ἐστὶν,
1774 1977 1805 2045 ὴ

183 2075 316 2127 κατ’
339 2073 547 2142 ἔφεσιν
562 2073 662 2142 τῆς
677 2072 854 2134 αἰτίας
881 2072 1172 2138 ἐπίγνωσις
1192 2085 1207 2100 ο
1230 2069 1427 2139 μέτρον
1457 2068 1534 2131 δὲ,
1559 2070 1591 2138 ἡ
1614 2067 1805 2138 ἐφικτὴ

184 2168 307 2228 τοῖς
330 2161 471 2218 οὖσι
502 2166 624 2218 κατ’
668 2164 949 2229 ἐνέργειαν
970 2162 1069 2230 τῆς
1097 2163 1276 2224 αἰτίας
1303 2161 1623 2230 ἐκμεμησις.
1656 2160 1727 2211 Τὸ
1750 2159 1807 2212 δὲ

191 2257 347 2326 ὑπὲρ
375 2257 480 2309 τὸν
506 2257 632 2325 ὅρον
667 2254 932 2324 φέρεσθαι
955 2254 1049 2307 καὶ
1081 2253 1142 2306 τὸ
1177 2252 1378 2322 μέτρον
1409 2250 1519 2302 τῶν
1555 2248 1807 2319 κινουμέ-

189 2365 305 2401 νων
334 2346 450 2417 τὴν
483 2346 690 2415 ἔφεσιν,
721 2346 980 2414 ἀνόνητον
1014 2345 1159 2396 ποιεῖ
1192 2344 1281 2396 τὸν
1305 2342 1524 2413 δρόμον,
1566 2341 1639 2411 μὴ
1666 2358 1801 2394 κατ-

192 2436 511 2491 αντῶντων
564 2440 643 2499 εἰς
690 2437 843 2498 Θεὸν,
896 2438 955 2487 ἐν
1004 2429 1049 2503 ᾧ
1097 2435 1284 2503 ὴκατ’
1333 2434 1519 2502 ἔφεσιν
1585 2433 1802 2485 πάντων

196 2525 439 2580 ἵσταται
495 2526 727 2597 κίνησις,
778 2525 1189 2579 αὑθυπόστατον
1226 2523 1489 2593 δεχομένη
1518 2522 1671 2585 τέλος
1703 2521 1802 2574 τοῦ

199 2617 346 2670 Θεοῦ
384 2618 496 2688 τὴν
522 2618 846 2670 ἀπόλαυσιν.
880 2616 954 2668 Τὸ
985 2614 1042 2667 δὲ
1085 2613 1237 2684 παρὰ
1266 2614 1356 2665 τὸν
1386 2614 1510 2684 ὅρον
1541 2612 1799 2682 φέρεσθαι

200 2711 307 2764 καὶ
331 2711 398 2764 τὸ
436 2708 643 2782 μέτρον
677 2710 787 2763 τῶν
822 2708 1161 2779 κινουμένων
1188 2707 1287 2778 τὴν
1316 2706 1524 2775 ἔφεσιν,
1556 2707 1813 2775 ἀνόνητον

206 2804 360 2856 ποιεῖ
390 2801 494 2855 τὸν
526 2800 747 2871 δρόμον,
779 2798 900 2853 ἀντὶ
943 2797 1082 2853 Θεοῦ
1120 2791 1511 2851 καταντῶντων
1552 2794 1691 2867 πρὸς
1715 2797 1815 2865 τὴν

208 2893 508 2963 αἴσθησιν,
556 2894 614 2944 ἐν
733 2890 858 2944 καθ’
892 2890 1087 2961 ἡδονὴν
1132 2889 1368 2960 βέϐηκεν
1405 2891 1439 2959 ὴ
1473 2889 1582 2942 τῶν
1624 2888 1815 2943 παθῶν

210 2984 604 3045 ἀνυπόστατος
634 2981 956 3041 ἀπόλαυσις.

1904 614 2124 673 temque
2154 604 2401 673 proclive
2440 604 2740 672 provehit:
2776 621 2932 659 mens
2977 620 3112 659 vero
3151 607 3489 674 contempla-

1903 696 2070 750 tionis
2098 697 2251 749 cultu
2284 695 2525 749 scientitc
2555 695 2833 748 desiderio
2860 695 3136 758 allectum,
3167 695 3235 749 ad
3263 695 3483 764 sapien-

1903 788 2031 842 tiam
2066 789 2299 843 inducit.
2325 786 2457 853 Qua:
2480 795 2662 847 autem
2693 803 2721 840 a
2751 786 2962 840 ratione
2992 788 3172 855 passio
3200 786 3486 851 abhorret,

1903 891 1963 937 ut
2014 883 2068 936 in
2117 898 2338 937 sensum
2390 892 2649 952 ιιι-ωυρμ.
2682 890 2805 935 ruat
2856 882 2934 934 illi
2994 889 3187 934 auctor
3232 890 3343 943 est,
3389 881 3485 949 qui

1902 975 2157 1029 mandata
2189 975 2442 1045 negligit;
2485 977 2809 1043 etum-annis
2842 984 2945 1034 est,
2978 980 3039 1025 ut
3080 987 3237 1026 mens
3266 971 3488 1026 libidini

1903 1068 2109 1121 luerent
2135 1068 2299 1135 eique
2330 1068 2540 1121 conﬁxa
2573 1068 2662 1120 sit.

1971 1159 2025 1210 2.
2076 1158 2349 1212 Virtutem
2416 1168 2607 1221 vocat,
2674 1157 3092 1227 pacatissimum
3159 1155 3488 1225 ﬁrmumque

1905 1250 2125 1304 honesti
2165 1250 2415 1319 rectique
2461 1250 2734 1313 habitum,
2779 1251 2920 1304 nihil
2970 1251 3231 1319 utrinque
3280 1249 3490 1303 haben-

1905 1353 2039 1405 tem,
2068 1344 2161 1412 qui
2198 1345 2294 1398 Dei
2340 1346 2716 1399 characterem
2762 1346 2922 1409 lerat,
2955 1346 3044 1399 cui
3089 1346 3227 1398 nihil
3257 1345 3491 1399 exsistat

1904 1436 2269 1489 contrarium.
2305 1435 2587 1490 Virtutum
2629 1444 2816 1489 autem
2862 1450 3028 1491 causa
3076 1436 3219 1511 Deus
3252 1444 3357 1498 est,
3389 1450 3487 1488 seu

1905 1535 2099 1580 auctor
2132 1544 2144 1578 :
2185 1527 2279 1579 Dei
2322 1528 2457 1580 vero
2502 1526 2558 1580 in
2606 1533 2731 1581 actu
2787 1525 3049 1595 cognitio,
3086 1525 3199 1593 ipsa
3236 1526 3355 1595 ejus
3394 1524 3488 1593 qui

1905 1633 2035 1671 \erc
2103 1619 2274 1672 Deum
2330 1618 2559 1687 agnovit
2601 1617 2659 1671 in
2722 1618 2984 1687 spiritum
3043 1616 3234 1671 habitu
3290 1616 3492 1670 immu-

1909 1706 2062 1761 latio.

1976 1801 2028 1854 5.
2068 1798 2204 1852 Cum
2247 1800 2411 1863 ratio,
2448 1800 2716 1870 cujusque
2755 1800 2856 1863 rei,
2890 1816 2991 1869 pro
3017 1816 3085 1855 eo
3116 1817 3183 1855 ac
3222 1801 3300 1855 illi
3340 1816 3490 1854 com-

1910 1899 2163 1961 paratum
2191 1899 2297 1955 est,
2333 1892 2697 1946 substantiam
2730 1902 3094 1962 naturamque
3128 1893 3486 1959 discreverit;

1910 1982 2061 2036 nulla
2115 1998 2203 2036 res
2244 1990 2331 2037 est
2377 1998 2500 2052 qua:
2548 1984 2784 2052 scipsam
2834 1994 3032 2038 natura
3083 1983 3345 2046 excedat,
3396 1993 3491 2037 aut

1909 2073 2089 2142 Seipsa
2127 2073 2356 2127 inferior
2383 2074 2476 2128 sit.
2512 2074 2701 2143 Itaque
2738 2090 2921 2129 rerum
2958 2074 3082 2129 ﬁnis
3110 2084 3274 2144 atque
3300 2077 3489 2129 termi-

1908 2178 2036 2224 nus,
2078 2161 2335 2217 Auctoris
2381 2162 2659 2217 desiderio
2712 2164 2919 2233 agnitio
2970 2164 3186 2218 exsistit
3232 2182 3244 2215 :
3294 2164 3490 2216 modus

1908 2268 2063 2317 vero,
2095 2255 2216 2323 ejus
2264 2254 2440 2322 ipsius
2483 2255 2723 2308 imitatio
2767 2265 2879 2319 est,
2919 2270 3085 2325 quam
3140 2270 3229 2309 res
3266 2256 3321 2309 in
3364 2264 3489 2309 actu

1908 2345 2129 2414 assequi
2166 2345 2399 2413 possint.
2431 2344 2586 2411 Quod
2625 2361 2789 2415 porro
2831 2362 2996 2418 supra
3042 2346 3203 2400 ﬁnem
3240 2356 3492 2400 modun-

1909 2450 2040 2503 que,
2068 2451 2260 2489 eorum
2294 2450 2415 2504 qua:
2443 2445 2734 2491 moventur
2758 2439 3036 2506 appetitus
3061 2436 3289 2501 feratur,
3325 2438 3495 2490 inuti-

1908 2527 2017 2581 lem
2048 2527 2231 2581 reddit
2258 2543 2505 2590 cursum,
2540 2528 2686 2598 quod
2711 2528 2777 2581 ad
2808 2530 2979 2583 Deum
3003 2544 3112 2583 non
3142 2531 3489 2598 perveniant,

1912 2615 1968 2667 in
2012 2630 2123 2683 quo
2172 2615 2420 2669 omnium
2466 2616 2825 2685 appetitionis
2875 2626 3091 2679 motus,
3138 2618 3316 2687 ipsum
3359 2630 3494 2671 vcre

1909 2705 2265 2761 exsistentem
2312 2708 2473 2762 linem
2507 2708 2743 2777 (beatam
2791 2709 3007 2763 scilicet
3047 2710 3142 2765 Dei
3191 2710 3495 2780 possessio-

1911 2799 2060 2871 nem)
2091 2810 2310 2861 nactus,
2339 2800 2701 2869 conquiescit.
2738 2800 2831 2854 Sin
2870 2811 3054 2854 autem
3091 2813 3292 2870 praeter
3327 2802 3491 2857 ﬁnem

1911 2892 2250 2961 modumque
2305 2906 2497 2946 eorum
2550 2893 2828 2963 appetitus
2885 2893 3114 2957 feratur,
3168 2910 3291 2964 qua:
3342 2906 3493 2951 metu

1916 2983 2240 3045 incitantur,
2293 2982 2542 3037 inutilem
2598 2992 2822 3053 prastat
2878 2999 3136 3048 cursum,
3190 2986 3318 3039 dum
3373 2987 3497 3039 loco

212 3072 314 3127 Dei
392 3073 455 3127 in
522 3085 745 3126 sensum
784 3068 1058 3134 incidunt,
1098 3069 1156 3123 in
1195 3084 1308 3139 quo
1347 3070 1527 3124 inanis
1592 3070 2011 3141 frustrancaque
2078 3072 2375 3128 aﬁectuum
2440 3074 2845 3143 libidinumquc
2920 3074 3112 3131 fruitio
3182 3079 3496 3147 voluptarie

214 3164 527 3220 conﬂatur.

291 3276 358 3331 δ’.
417 3279 481 3331 Ὁ
510 3276 647 3348 πρὸς
674 3277 773 3348 τὴν
811 3276 992 3330 αἰτίαν
1038 3276 1144 3330 τῶν
1180 3277 1349 3330 ὅντων
1396 3274 1642 3347 ἀσχέτως
1681 3277 1810 3329 ἁνα-

1986 3258 2144 3328 611
2198 3257 2250 3310 4.
2290 3257 2441 3313 Mens
2491 3258 2545 3312 in
2594 3273 2777 3312 rerum
2831 3273 3049 3313 causam
3091 3260 3497 3330 Auctoremque

222 3370 403 3434 τιθεὶς
471 3369 596 3423 νοῦν
628 3410 643 3433 ,
688 3371 945 3439 ἀγνοήσει
995 3368 1298 3435 παντελῶς,
1345 3369 1547 3439 μηδένα
1594 3367 1815 3439 θεωρῶν

230 3464 419 3530 λόγον,
462 3465 519 3516 ἐν
560 3463 637 3532 τῷ
677 3461 818 3514 κατὰ
862 3463 1043 3513 πᾶσαν
1070 3460 1251 3515 αἰτίαν
1281 3460 1422 3531 ὑπὲρ
1448 3460 1624 3513 πάντα
1657 3461 1812 3528 λόγον

224 3556 347 3609 δντι.
380 3555 508 3610 κατ’
524 3555 712 3609 οὐσίαν
734 3553 853 3617 Θεῷ
880 3570 892 3582 ·
924 3554 1061 3624 πρὸς
1091 3553 1151 3606 ὃν
1177 3552 1285 3605 ἀπὸ
1313 3552 1423 3604 τῶν
1447 3552 1615 3607 ὄντων
1644 3554 1816 3608 ἀπάν-

226 3663 339 3699 των
376 3644 691 3707 συσταλείς,
719 3642 907 3695 οὐδένα
942 3641 1051 3694 τῶν
1101 3641 1197 3709 ἀφ’
1239 3634 1313 3695 ὧν
1361 3642 1572 3706 ἀπέστη
1616 3642 1811 3709 λόγων,

230 3736 556 3796 ἐπίσταται,
596 3734 756 3805 μόνον
802 3733 895 3786 τὸν
943 3732 1080 3803 πρὸς
1131 3731 1190 3784 ὃν
1227 3732 1417 3800 γέγονε
1459 3732 1599 3785 κατά
1634 3734 1814 3803 χάριν,

233 3827 668 3899 ἀνερμηνεύτως
712 3825 1012 3897 θεώμενος.
1064 3826 1174 3879 Καὶ
1210 3825 1321 3896 γὰρ
1377 3827 1471 3878 καὶ
1526 3826 1654 3888 τοὺς
1708 3825 1817 3877 τῶν

234 3918 551 3989 ἀσωμάτων
598 3918 692 3969 καὶ
722 3919 848 3981 τοὺς
878 3916 988 3968 τῶν
1031 3916 1298 3987 σωμάτων
1332 3916 1526 3986 ἀφίησι
1549 3916 1760 3984 λόγους,
1789 3918 1817 3968 6

246 4011 387 4079 πρὸς
426 4008 519 4060 τὸν
566 4006 699 4059 Θεὸν
742 4005 1068 4076 ἀναδραμὼν
1098 4007 1218 4059 κατ’
1260 4005 1515 4059 ἔκστασιν
1554 4004 1697 4069 νοῦς.
1740 4006 1814 4057 Οὐ

238 4100 351 4169 γὰρ
396 4097 610 4165 πέφυκέ
646 4116 699 4151 τι
731 4097 849 4167 Θεῷ
877 4097 984 4151 τῶν
1028 4098 1164 4167 μετά
1211 4097 1362 4163 Θεὸν,
1401 4097 1517 4166 ἅμα
1554 4113 1816 4165 συγκατο-

245 4189 564 4244 πτεὺεσθαι.

312 4366 352 4411 ε’
364 4400 376 4413 .
395 4360 699 4430 Ἐπάρατον
715 4360 883 4424 ὅντως
897 4359 1068 4422 πάθος
1102 4362 1130 4415 6
1146 4361 1334 4431 τῦφος,
1354 4363 1447 4414 καὶ
1458 4362 1522 4413 ἐκ
1533 4359 1624 4413 δύο
1637 4361 1820 4413 κακῶν

244 4452 387 4504 κατὰ
420 4452 669 4504 σύνθεσιν
698 4453 1110 4523 συνιστάμενον,
1148 4452 1529 4523 ὑπερηφανίας
1563 4452 1706 4522 φημὶ
1729 4452 1821 4503 καὶ

245 4542 585 4608 κενοδοξίας·
624 4536 698 4596 ὦν
740 4544 772 4612 ὴ
824 4542 924 4611 μὲν
977 4543 1345 4613 ὑπερηφανία,
1379 4542 1476 4612 τὴν
1515 4542 1694 4595 αἰτίαν
1726 4543 1821 4611 ἀρ-

244 4634 417 4685 νεῖται
451 4634 548 4704 τῆς
584 4634 789 4703 ἀρετῆς
820 4634 913 4688 καὶ
949 4634 1047 4703 τῆς
1093 4634 1310 4703 φύσεως
1330 4649 1343 4664 ⁶
1375 4637 1408 4703 ἠ
1439 4635 1495 4686 δὲ
1526 4633 1818 4700 κενοδοξία,

245 4724 347 4791 τήν
378 4741 437 4777 τε
469 4724 651 4792 φύσιν,
682 4727 779 4778 καὶ
812 4724 981 4796 αὐτὴν
1004 4723 1156 4778 νόθον
1192 4728 1290 4797 τὴν
1325 4726 1528 4795 ἀρετὴν
1559 4726 1822 4795 καθίστη-

251 4828 357 4866 σιν.
396 4816 561 4869 Οὑδὲν
588 4816 699 4887 γάρ
741 4815 820 4886 τῷ
861 4817 1200 4887 ὑπερηφάνῳ
1235 4817 1377 4870 κατά
1398 4817 1529 4871 Θεὸν
1560 4816 1823 4887 διαπράτ-

248 4918 421 4971 τεται,
456 4898 549 4959 καῖ
578 4908 731 4962 οὐδὲν
760 4907 837 4979 τῷ
876 4908 1134 4976 κενοδόξῳ
1173 4908 1314 4962 κατὰ
1363 4909 1525 4978 φύσιν
1567 4910 1823 4980 προέρχε-

248 5008 360 5046 ται.

326 5173 397 5230 ς’.
452 5170 860 5239 Ὑπερηφανίας
908 5172 1059 5237 ἴδιον,
1108 5173 1170 5225 τὸ
1213 5175 1492 5244 ἀρνεῖσθαι
1555 5175 1644 5228 τὸν
1692 5177 1823 5231 Θεὸν

253 5258 456 5329 ἀρετῆς
509 5257 645 5313 εἶναι
699 5262 925 5331 γενέτην
971 5262 1065 5315 καί
1103 5264 1348 5331 φύσεως·
1392 5263 1699 5329 κενοδοξίας
1745 5266 1821 5331 δὲ,

252 5350 314 5400 τὸ
349 5353 593 5425 μερίζειν
646 5354 742 5424 τὴν
798 5357 958 5424 φύσιν
1012 5356 1153 5427 πρὸς
1211 5357 1435 5425 ὕφεσιν·
1489 5351 1564 5411 ὧν
1596 5360 1623 5409 6
1656 5360 1823 5427 τῦφος

255 5439 391 5496 εἷναι
442 5446 687 5514 γέννημα
723 5447 986 5515 πέφυκεν,
1022 5446 1133 5512 ’έξις
1163 5448 1363 5511 κακίας
1410 5449 1667 5519 ὑπάρχων
1707 5450 1824 5502 σύν-

257 5533 428 5599 θετος,
462 5538 598 5589 Θεοῦ
634 5538 861 5608 ἄρνησιν
906 5539 1151 5593 ἑκούσιον
1185 5540 1403 5611 ἔχουσα,
1436 5541 1530 5595 καὶ
1560 5542 1658 5612 τῆς
1689 5546 1826 5597 κατὰ

258 5623 419 5691 φύσιν
456 5627 728 5698 ἰσοτιμίας
768 5628 1012 5696 ἄγνοιαν.

1918 3349 2091 3403 libere
2141 3351 2371 3411 intenta,
2424 3350 2653 3404 omnino
2706 3350 2998 3419 ignorabit,
3041 3352 3245 3405 nullam
3289 3353 3345 3406 in
3384 3354 3497 3407 Deo

1916 3450 2185 3495 contuens
2245 3442 2546 3504 rationem,
2613 3443 2706 3510 qui
2767 3444 3142 3497 essentialitcr
3195 3445 3497 3500 secundum

1915 3546 2134 3585 munem
2190 3548 2408 3586 causam
2440 3574 2454 3597 ,
2507 3536 2658 3588 omni
2711 3535 2967 3605 superior
3022 3536 3234 3590 ratione
3278 3547 3363 3591 est
3398 3556 3411 3591 :
3442 3540 3496 3593 in

1915 3638 2079 3690 quem
2127 3638 2157 3675 a
2204 3624 2420 3702 cunctis
2465 3625 2632 3679 rebus
2688 3626 2937 3688 collecta,
2979 3627 3182 3680 nullam
3217 3644 3429 3692 earum,
3466 3644 3498 3683 ει

1917 3711 2120 3778 quibus
2149 3712 2436 3776 abscessit,
2472 3714 2749 3768 rationum
2794 3715 2973 3780 novit;
3010 3715 3188 3769 solum
3236 3717 3499 3771 nimirum

1918 3800 1983 3854 ad
2014 3817 2176 3869 quem
2210 3805 2385 3857 evasit
2430 3820 2529 3874 per
2566 3805 2821 3875 gratiam,
2869 3806 3241 3875 inexplicabili
3287 3807 3500 3863 ratione

1918 3907 2149 3946 cernens
2187 3908 2250 3946 ac
2298 3894 2675 3949 considerans.
2718 3896 2850 3960 Quae
2888 3896 3034 3948 enim
3074 3911 3229 3950 mens
3275 3912 3500 3952 excessu

1919 3985 1972 4039 in
2020 3986 2192 4039 Deum
2238 3986 2502 4050 excurrit,
2550 3987 3000 4056 ineorporcorum
3035 3988 3149 4056 (seu
3181 3988 3499 4059 spirituum)

1918 4092 2327 4146 corporumque
2380 4078 2576 4131 missas
2630 4078 2872 4132 rationes
2924 4078 3074 4132 facit.
3127 4080 3262 4133 Nam
3321 4097 3502 4150 neque

1920 4178 2293 4237 comparatum
2344 4180 2460 4233 est,
2514 4180 2572 4223 ut
2621 4185 2815 4224 eorum
2866 4171 3112 4240 aliquid,
3156 4188 3278 4241 qua:
3320 4188 3349 4227 a
3388 4173 3503 4228 Deo

1920 4260 2159 4313 secunda
2190 4272 2337 4325 sunt,
2370 4278 2478 4315 una
2507 4276 2633 4315 cum
2666 4262 2777 4315 Deo
2806 4262 3199 4331 conspiciatur.

1995 4352 2046 4405 5.
2088 4351 2499 4406 Exsccrandum
2530 4366 2721 4405 revera
2748 4352 2943 4404 vitium
2977 4353 3336 4421 aﬁectusque,
3366 4353 3495 4406 elati

1922 4444 2091 4498 animi
2122 4452 2303 4497 tumor
2330 4458 2394 4497 ac
2428 4442 2602 4497 fastus
2634 4444 3054 4512 insolentiaque,
3085 4460 3260 4511 exque
3291 4428 3493 4514 duplici

1926 4536 2241 4589 coalescens
2269 4535 2436 4598 vitio,
2476 4534 2733 4605 superbia
2776 4536 3040 4589 nimirum
3087 4536 3345 4605 inanique
3383 4537 3501 4603 glo-

1928 4626 2038 4692 ria;
2067 4642 2299 4696 quarum
2334 4628 2503 4681 altera
2535 4628 2754 4698 (nempe
2785 4627 3062 4697 superbia)
3092 4627 3312 4682 virtutis
3336 4639 3501 4696 atque

1930 4729 2140 4774 natura:
2197 4719 2493 4774 Auctorem
2545 4727 2742 4790 neget;
2798 4720 2970 4773 altera
3028 4720 3230 4788 (inanis
3292 4721 3503 4773 scilicet

1929 4811 2123 4881 gloria)
2164 4822 2279 4865 tum
2323 4823 2594 4873 naturam,
2639 4820 2753 4864 tum
2786 4812 3047 4865 virtutem
3087 4812 3260 4880 ipsam
3296 4812 3507 4877 adulte-

1932 4916 2035 4959 ret.
2073 4905 2217 4959 Nihil
2256 4906 2401 4959 enim
2433 4904 2506 4965 ei,
2532 4904 2626 4972 qui
2662 4904 2933 4971 superbus
2962 4904 3054 4967 sit,
3085 4904 3273 4958 divina
3302 4904 3507 4973 pietate

1935 4996 2297 5065 religioseque
2321 4995 2529 5065 agitur;
2560 4995 2809 5063 nihilque
2840 4994 3110 5048 laboranti
3136 4993 3281 5047 inani
3311 4993 3505 5062 gloria,

1930 5105 1994 5141 ex
2026 5099 2234 5142 natura:
2266 5087 2574 5143 rationibus
2610 5086 2985 5157 progreditur.

2001 5181 2053 5233 6.
2090 5181 2378 5248 Proprium
2430 5179 2705 5248 superbiae
2746 5186 2850 5236 est.
2883 5186 2943 5230 ut
2979 5176 3151 5230 Deum
3195 5175 3416 5229 virtutis
3444 5191 3507 5229 ac

1934 5284 2140 5327 natura:
2175 5281 2483 5327 creatorem
2526 5280 2685 5342 neget
2718 5290 2732 5324 :
2768 5270 2946 5324 inanis
2986 5278 3166 5322 autem
3205 5269 3411 5337 gloriae,
3447 5278 3506 5321 ut

1932 5374 2206 5423 naturam,
2252 5363 2372 5431 ejus
2422 5360 2729 5414 minuendae
2786 5376 2848 5413 ac
2902 5360 3273 5428 deprimendm
3319 5373 3503 5414 causa.

1932 5455 2181 5524 partibus
2221 5453 2473 5519 scindat;
2522 5468 2752 5523 quarum
2796 5451 2963 5504 animi
3006 5461 3184 5503 tumor
3223 5448 3507 5516 fastusque

1928 5556 1983 5600 et
2010 5545 2298 5599 insolentia
2332 5545 2543 5612 (τῦφος,
2576 5544 2653 5597 sic
2681 5543 2890 5597 dictum
2924 5539 3139 5602 vitium)
3170 5539 3353 5608 proles
3385 5554 3506 5593 esse

1931 5640 2094 5701 solet;
2149 5636 2488 5704 compositus
2543 5634 2753 5688 sciiicet
2814 5633 3034 5687 malitia:
3090 5631 3348 5695 habitus,
3399 5629 3505 5683 hoc

1932 5730 2161 5791 habens,
2198 5737 2256 5781 ut
2295 5729 2465 5782 Deum
2499 5736 2697 5796 sponte
2734 5726 2987 5795 abneget,
3016 5739 3077 5778 ae
3106 5738 3225 5793 ante
3252 5738 3281 5775 a
3311 5729 3505 5775 natura

1929 5834 2077 5879 sunt,
2116 5835 2273 5889 pares
2305 5820 2532 5874 honoris
2560 5828 2746 5889 partes
2781 5818 3017 5888 ignoret.
