4184 6436
249 373 387 441 1357

932 378 1262 442 CAPI'I‘UM
1304 368 1725 448 QUINQUIES
1765 370 2285 436 CENTENORUM
2324 371 2710 435 CENTURIA
2748 375 2812 435 V.

3348 372 3481 435 1358

318 490 421 558 κγ’.
455 491 525 544 Ἦ
561 488 722 545 πάλιν
752 491 1015 559 αἰσχύνη
1068 491 1366 559 στόματός
1414 488 1582 549 ἐστιν,
1625 486 1660 541 ἡ
1710 485 1821 545 τοῖς

1994 487 2084 541 25.
2105 487 2215 541 Aut
2242 502 2439 542 rursus
2469 489 2575 541 oris
2609 487 2864 556 confusio,
2906 486 3106 541 mentis
3128 486 3350 557 agitatio
3376 500 3480 551 est,

244 582 478 634 πάθεσιν
529 579 668 644 εῐδος
718 579 1022 649 ἐπάγουσα,
1071 582 1157 635 καὶ
1202 580 1262 631 τὸ
1306 577 1427 631 καθ’
1460 575 1653 647 ἡδονὴν
1684 574 1820 644 πρὸς

242 673 503 743 αἴσθησιν
557 673 954 726 διαπλάττουσα
1016 670 1231 736 κάλλος,
1286 668 1379 721 τοῦ
1435 665 1527 721 νοῦ
1584 666 1816 735 κίνησις.

242 760 431 834 Χωρὶς
476 764 583 833 γὰρ
620 765 717 833 τῆς
770 763 912 816 κατὰ
962 760 1084 813 νοῦν
1128 762 1477 831 ὲπινοητικῆς
1516 757 1816 827 δυνάμεως,

244 853 389 922 πρὸς
443 853 729 905 διάπλασιν
786 852 1016 923 μορφῆς,
1074 848 1323 921 οὐδαμῶς
1377 849 1550 912 πάθος
1606 850 1816 916 ἄγεται.

247 944 321 997 Ἣ
360 945 638 1013 ἀνάθημά
675 946 809 1009 ἐστι,
840 946 931 997 καὶ
964 945 991 1014 ἡ
1026 943 1290 1012 πρόσυλος
1328 943 1421 995 καὶ
1447 941 1684 1010 ἀκαλλὴς
1713 941 1820 993 τῶν

243 1035 438 1087 παθῶν
468 1036 563 1087 καὶ
607 1034 978 1097 ἀδιατύπωτος
1011 1035 1224 1103 κίνησις
1249 1050 1262 1063 ·
1297 1033 1559 1100 αἰσχύνη
1591 1033 1646 1085 δὲ
1676 1033 1819 1083 στό-

236 1143 450 1194 ματος,
500 1129 535 1197 ἡ
582 1128 642 1178 τὸ
691 1126 858 1188 πάθος
896 1123 1236 1177 εἰδοποιοῦσα
1271 1125 1407 1195 πρὸς
1450 1124 1699 1193 αἴσθησιν
1725 1119 1819 1174 τοῦ

242 1216 338 1269 νοῦ
372 1218 604 1291 κίνησις,
650 1218 745 1270 καὶ
775 1220 893 1280 ταῖς
940 1217 1205 1280 ἐπινοίαις
1260 1214 1392 1284 ὕλην
1442 1215 1697 1285 ἁρμόδιον
1744 1214 1822 1283 τῷ

243 1306 409 1359 πάθει
442 1305 757 1377 πορίζουσα.

319 1478 415 1533 κδ’.
464 1479 520 1532 Ὀ
549 1479 636 1532 διὰ
664 1479 871 1549 τρυφὴν
906 1478 1227 1548 σωματικὴν
1256 1478 1352 1530 καὶ
1384 1478 1688 1531 ἀνάπαυσιν
1722 1477 1821 1542 τὰς

245 1572 440 1634 Θυσίας
476 1572 567 1623 καὶ
599 1571 698 1632 τάς
732 1570 942 1641 ἑορτάς,
971 1570 1038 1622 τά
1068 1586 1126 1620 τε
1170 1568 1421 1622 Σάϐϐατα
1456 1568 1547 1619 καὶ
1580 1568 1676 1630 τὰς
1704 1585 1820 1619 νεο-

251 1664 456 1732 μηνίας
501 1661 643 1713 κατὰ
681 1660 772 1713 τὸν
812 1660 976 1729 νόμον
1020 1660 1109 1712 τὸν
1152 1658 1283 1711 Θεὸν
1332 1658 1701 1727 διατεταχέναι
1735 1674 1821 1710 11t-

247 1755 476 1819 στεύων,
510 1754 689 1821 πάντη
735 1769 796 1803 τε
842 1753 935 1805 καὶ
973 1752 1211 1816 πάντως,
1242 1752 1346 1803 ὑπὸ
1380 1752 1477 1821 τὴν
1520 1752 1706 1822 ὲνοχὴν
1732 1768 1821 1819 γε⁸

1920 592 2041 645 quze
2068 577 2358 632 aﬂectibus
2406 578 2644 647 speciem
2689 577 2921 641 inducit,
2956 592 3133 646 exque
3173 592 3369 631 sensus
3404 596 3482 632 ra‘

1923 667 2071 722 tione
2121 668 2476 723 libidinosam
2539 668 3010 738 pulchritudinem
3064 668 3291 739 ellingit.
3337 668 3482 724 Citra

1920 758 2067 811 enim
2097 759 2497 829 excogitantem
2542 774 2605 813 ac
2632 759 2992 813 inventricem
3026 762 3227 815 mentis
3254 761 3484 815 faculta-

1922 856 2031 902 tem
2066 849 2133 904 ad
2188 850 2418 903 formam
2463 848 2860 919 eilingendam,
2915 849 3145 906 allectus
3200 868 3264 906 ac
3302 852 3485 923 passio

1922 956 2030 993 non
2062 941 2329 1010 procedit.
2362 940 2457 994 Vel
2502 941 2667 995 etiam
2697 942 2983 995 anathema
3028 950 3141 1006 est,
3189 952 3407 997 terrena
3433 949 3487 998 et

1924 1029 2214 1084 invenusta
2267 1029 2631 1098 informisque
2697 1031 3175 1099 perturbationum
3235 1046 3298 1085 ac
3352 1032 3487 1085 aﬂ‘e-

1921 1129 2107 1174 ctuum
2151 1120 2398 1173 incitatio
2420 1137 2431 1171 :
2451 1121 2555 1172 oris
2582 1136 2713 1174 vero
2748 1121 3015 1189 confusio,
3045 1133 3165 1191 quia
3194 1136 3260 1175 ex
3294 1131 3487 1175 sensus

1922 1213 2132 1265 ratione
2167 1212 2421 1266 allectum
2445 1213 2624 1281 Specie
2659 1212 2876 1275 format,
2914 1214 3317 1282 subtilibusque
3339 1228 3487 1266 com:

1922 1301 2119 1358 mentis
2139 1312 2319 1371 aptam
2343 1303 2559 1357 ali‘ectui
2581 1318 2677 1357 seu
2701 1303 2940 1373 passioni
2965 1304 3250 1357 materiam
3275 1305 3483 1367 tribuit,

1922 1395 2124 1448 mentis
2148 1395 2391 1463 agitatio.

1993 1486 2079 1539 24.
2113 1486 2216 1551 Qui
2269 1486 2507 1541 carnalis
2540 1487 2839 1555 voluptatis
2876 1488 3231 1558 fruendazque
3284 1490 3488 1558 quietis

1924 1591 2109 1638 causa,
2140 1576 2461 1645 prmcepisse
2491 1578 2659 1631 Deum
2685 1578 3076 1631 sacriﬁciorum
3113 1578 3488 1646 festorumquc

1922 1667 2183 1736 legitima,
2225 1667 2569 1737 Sabbataque
2606 1676 2662 1721 et
2700 1669 3014 1722 ncomenias
3046 1668 3348 1723 instituisse
3372 1669 3489 1721 exi-

1927 1754 2139 1821 stimat,
2195 1758 2419 1810 omnino
2482 1772 2818 1827 prorsusque
2887 1758 3175 1813 affectibus
3233 1760 3489 1828 vitiisque

245 1847 470 1915 νὴσεται
499 1844 595 1912 τῆς
627 1843 734 1895 τῶν
762 1842 951 1896 παθῶν
975 1842 1275 1911 ἐνεργείας,
1306 1842 1397 1894 καὶ
1430 1843 1527 1912 τὴν
1556 1842 1815 1912 αἰσχύνην

1934 1848 2205 1902 obnoxius
2250 1849 2386 1914 erit;
2432 1851 2781 1919 turpiumque
2839 1850 2964 1903 inde
3002 1850 3394 1919 cogitationum
3426 1862 3490 1903 ac

242 1936 347 2005 τῆς
379 1935 487 1987 τῶν
518 1936 603 1987 ἐπ’
648 1936 836 1997 αὑταῖς
890 1930 1129 2005 αίσχρῶν
1178 1934 1454 2004 λογισμῶν
1509 1935 1817 2006 ρυπαρίας·

244 2026 354 2079 ὑπό
400 2043 458 2079 τε
510 2025 602 2078 τὸν
662 2024 1014 2095 φθειρόμενον
1064 2023 1216 2079 ἔσται
1254 2025 1477 2093 κόσμον,
1505 2025 1599 2077 καὶ
1630 2026 1731 2095 τὴν
1764 2026 1821 2077 ὲν

244 2116 527 2185 λογισμοῖς
556 2114 930 2184 φιλοσώματον
970 2114 1200 2186 μελέτην
1225 2132 1239 2145 ⁸
1291 2115 1395 2167 ὑπό
1440 2132 1502 2167 τε
1550 2115 1648 2185 τὴν
1690 2114 1821 2183 ὕλην

244 2208 357 2262 τῶν
390 2207 577 2261 παθῶν
608 2207 700 2261 καὶ
720 2207 781 2259 τὸ
810 2206 967 2271 εἶδος,
1004 2207 1171 2276 μηδὲν
1205 2206 1333 2260 ἄλλο
1369 2205 1506 2278 πλὴν
1533 2207 1634 2260 τῶν
1667 2207 1820 2277 φθει·

248 2301 492 2369 ρομὲνων
529 2299 709 2367 τίμιον
730 2298 873 2367 ἔχειν
900 2297 1216 2368 δυνάμενος.

318 2518 418 2567 κε’.
468 2513 529 2566 '0
556 2508 797 2574 πεισθεὶς
826 2508 977 2563 θείαν
1007 2505 1145 2563 εῖναι
1176 2508 1441 2580 διαταγὴν
1468 2506 1532 2563 τὸ
1574 2522 1814 2577 σωματι-

248 2604 362 2666 κῶς
399 2603 541 2657 κατὰ
588 2602 751 2672 νόμον
805 2604 1039 2672 τρυφᾷν,
1096 2602 1195 2671 τὴν
1246 2600 1691 2672 γαστριμαργίαν
1744 2598 1821 2661 ὡς

246 2695 386 2749 Θεοῦ
434 2694 605 2764 δῶρον
644 2693 911 2764 λαμϐάνει
949 2692 1083 2763 πρὸς
1115 2691 1417 2761 συμϐίωσιν
1452 2689 1595 2761 μετὰ
1624 2690 1817 2760 χαρᾶς,

248 2785 309 2851 ἐξ
336 2780 403 2855 ἦς
458 2785 622 2853 γεννᾷ
669 2784 795 2844 τοὺς
840 2781 1163 2851 μολύνοντας
1211 2784 1278 2851 τῇ
1321 2782 1669 2853 παραχρήσει
1721 2781 1821 2850 τὴν

248 2876 531 2944 ἐνέργειαν
553 2875 658 2929 τῶν
684 2874 989 2941 αίσθήσεων
1020 2873 1276 2943 τρόπους.

319 3078 434 3137 σις’.
494 3069 742 3124 Ἐπειδὰν
772 3068 832 3121 τὸ
870 3070 1199 3139 θεωρητικὸν
1234 3072 1329 3139 τῆς
1356 3068 1534 3138 ψυχῆς
1559 3068 1657 3139 τὴν
1688 3084 1820 3138 τρυ-

1930 1938 2203 1992 rationum
2253 1940 2486 2009 paedoris
2530 1941 2732 2010 probro
2782 1957 2846 1996 ac
2889 1940 3197 1995 confusioni
3236 1958 3249 1994 :
3284 1940 3489 1995 mundo

1927 2028 2058 2083 item
2091 2031 2185 2099 qui
2223 2032 2616 2100 corrumpitur,
2648 2042 2704 2086 et
2728 2032 3037 2086 libidinosa:
3066 2032 3232 2102 inque
3258 2048 3490 2102 corpora

1925 2118 2113 2175 effusae
2148 2122 2539 2191 cogitationum
2584 2121 2958 2188 meditationi;
2999 2138 3063 2177 ac
3102 2132 3379 2192 postremo
3406 2124 3491 2177 vi-

1926 2214 2132 2266 tiorum
2163 2212 2569 2283 aﬂ‘ectuumque
2600 2223 2713 2267 tum
2740 2214 2985 2269 materia:
3011 2227 3125 2269 tum
3152 2214 3368 2279 forma;
3396 2207 3492 2284 qui

1928 2313 2129 2372 prteter
2162 2321 2226 2359 ea
2250 2322 2370 2375 qua:
2407 2306 2760 2376 corruptione
2789 2306 3089 2373 intereunt,
3114 2307 3251 2361 nihil
3278 2307 3337 2362 in
3369 2321 3494 2377 pre-

1930 2395 2007 2450 tio
2029 2392 2229 2450 habere
2254 2394 2449 2465 possit.

1995 2508 2085 2563 25.
2112 2508 2213 2563 Cui
2244 2517 2395 2564 certo
2419 2522 2736 2578 persuasum
2766 2509 2860 2573 sit,
2896 2508 3147 2565 divinum
3179 2524 3300 2565 esse
3341 2520 3495 2563 math

1927 2598 2115 2654 datum
2170 2602 2551 2669 corporalibus
2607 2603 2916 2657 secundum
2968 2605 3141 2674 legem
3208 2604 3494 2672 indulgere

1927 2689 2165 2754 deliciis,
2193 2698 2451 2759 tanquam
2496 2692 2594 2746 Dei
2639 2692 2845 2747 donum
2880 2708 3004 2747 cum
3040 2693 3242 2764 gaudio
3285 2693 3495 2749 ventris

1930 2779 2227 2849 ingluviem
2252 2780 2308 2832 in
2327 2782 2528 2835 sociam
2554 2783 2680 2837 vitae
2714 2782 2980 2837 rationem
3014 2786 3263 2849 assumit,
3288 2799 3353 2837 ex
3385 2798 3491 2853 qua

1929 2870 2122 2925 modos
2155 2887 2446 2942 moresque
2480 2888 2581 2943 per
2622 2874 2854 2930 abusum
2879 2916 2893 2937 ,
2925 2889 3186 2930 sensuum
3213 2875 3491 2944 operatio-

1927 2978 2053 3017 nem
2088 2964 2435 3033 inquinantes
2458 2965 2649 3036 gignit.

1994 3079 2084 3133 26.
2114 3078 2250 3134 Cum
2275 3079 2443 3132 animi
2474 3078 2556 3133 vis
2578 3082 2980 3148 contemplandi
3012 3082 3209 3140 solers,
3238 3082 3493 3148 volupta-

250 3164 358 3232 φῆν
400 3161 539 3213 κατὰ
581 3160 670 3213 τὸν
704 3162 760 3211 ὲν
797 3160 1087 3229 γράμματι
1118 3159 1278 3227 νόμον
1305 3158 1379 3220 ὡς
1419 3158 1569 3211 θείαν
1604 3157 1693 3209 διὰ
1722 3159 1820 3227 τὴν

1928 3176 2034 3222 tem
2066 3184 2133 3223 ex
2158 3168 2295 3238 legis
2318 3168 2502 3223 littera
2527 3177 2787 3237 tanquam
2819 3168 3058 3222 divinam
3085 3180 3315 3238 propter
3340 3185 3491 3223 man-

250 3252 470 3319 ἐντολὴν
504 3252 816 3321 ἀσπάσηται
852 3250 987 3320 πρὸς
1026 3249 1343 3319 συμϐίωσιν,
1374 3250 1472 3317 τὴν
1501 3249 1609 3300 τῶν
1634 3247 1823 3316 αἰσθή-

251 3362 391 3399 σεων
420 3345 569 3414 παρὰ
604 3344 764 3412 φύσιν
797 3343 1114 3413 μετέρχεται
1142 3342 1357 3411 χρῆσιν,
1391 3340 1659 3411 μηδεμιᾶς
1698 3356 1825 3406 συγ-

250 3434 465 3506 χωροῦν
520 3435 661 3487 κατά
711 3433 873 3502 φύσιν
924 3432 1305 3500 διαφαίνεσθαι
1343 3430 1439 3500 τὴν
1488 3433 1683 3499 χρῆσιν
1721 3430 1820 3498 τῆς

253 3526 555 3597 ἐνεργείας.
590 3525 756 3595 Γεννᾷ
790 3524 899 3594 γὰρ
936 3524 1035 3593 τήν
1080 3540 1140 3574 τε
1182 3522 1291 3575 τῶν
1342 3520 1531 3575 παθῶν
1569 3522 1679 3586 ἕξιν
1732 3522 1823 3574 καὶ

247 3618 348 3687 τὴν
370 3617 673 3687 ἐνέργειαν,
696 3617 788 3668 καὶ
808 3616 883 3677 ὼς
912 3613 1061 3667 θείαν
1087 3612 1433 3695 είσᾳκίζεται
1462 3612 1561 3681 τὴν
1596 3629 1820 3681 γαστρι-

1926 3262 2114 3315 datum
2144 3262 2200 3313 in
2234 3261 2439 3315 sociam
2469 3261 2594 3314 vitae
2632 3262 2905 3315 rationem
2926 3261 3175 3329 proclive
3210 3261 3488 3324 asciverit,

1926 3349 2291 3404 innaturalem
2344 3363 2606 3403 sensuum
2660 3364 2819 3403 usum
2856 3349 3021 3413 colit,
3080 3351 3215 3404 nihil
3273 3352 3487 3420 reipsa,

1924 3440 2193 3509 quidquid
2224 3450 2406 3510 agant,
2439 3455 2507 3493 ex
2553 3449 2762 3495 naturae
2805 3441 3115 3495 rationibus
3157 3443 3379 3496 elucere
3414 3445 3489 3496 si-

1924 3547 2079 3585 nens.
2116 3530 2301 3599 Gignit
2320 3530 2466 3584 enim
2486 3530 2745 3584 vitiorum
2769 3545 2834 3585 ac
2868 3531 3341 3601 perturbationum
3364 3549 3492 3588 cum

1925 3623 2173 3677 habitum
2201 3631 2316 3677 tum
2348 3629 2563 3687 actum;
2612 3637 2677 3677 ac
2720 3623 2873 3677 velut
2920 3623 3162 3677 divinam
3190 3665 3205 3688 ,
3245 3626 3485 3696 eonjugii

252 3708 515 3779 μαργίαν,
570 3707 706 3778 πρὸς
744 3706 957 3786 γένεσιν
997 3704 1105 3756 τῶν
1140 3704 1509 3774 ρυπαινόντων
1550 3705 1615 3773 τῇ
1643 3719 1821 3773 παρα-

1926 3719 2043 3785 Iure
2079 3717 2258 3787 gulam
2284 3714 2457 3779 ducit,
2494 3715 2640 3770 unde
2671 3730 2853 3770 mores
2880 3716 3181 3785 modosque
3223 3718 3488 3787 suscipiat

249 3802 441 3871 χρήσει
480 3798 576 3862 τὰς
628 3798 906 3868 αἰσθήσεις
944 3797 1180 3866 τρόπων,
1220 3796 1299 3859 είς
1328 3795 1606 3865 ἀναίρεσιν
1631 3794 1739 3846 τῶν
1765 3795 1824 3847 ὲν

250 3893 361 3953 τοῖς
388 3887 506 3943 οὖσι
533 3888 776 3959 φυσικῶν
801 3890 973 3955 λόγων
993 3904 1051 3940 τε
1074 3888 1167 3940 καὶ
1190 3886 1539 3955 σπερμάτων.

320 4002 423 4065 κζ’.
476 4001 662 4064 Οὐδεὶς
717 4000 853 4071 μόνῃ
903 3998 1253 4070 προσανέχων
1288 4000 1355 4067 τῇ
1392 3998 1672 4067 σωματικῇ
1728 3996 1821 4049 τοῦ

248 4094 417 4162 νόμου
450 4092 691 4162 λατρείᾳ,
725 4090 953 4160 φυσικὸν
988 4091 1313 4159 τοπαράπαν
1347 4089 1545 4141 δύναιτ’
1597 4089 1663 4141 ἂν
1715 4104 1823 4138 παο

252 4184 575 4257 ραδέξασθαι
605 4184 760 4251 λόγον
792 4185 825 4253 ἢ
862 4183 1139 4252 λογισμὸν,
1167 4183 1247 4235 ὄτι
1279 4182 1411 4253 μηδὲ
1442 4182 1653 4249 πέφυκε
1688 4197 1820 4232 τιυ-

248 4282 342 4335 τὺν
367 4277 507 4334 εἶναι
549 4284 615 4349 τῇ
646 4280 804 4349 φύσει
830 4279 898 4331 τά
926 4278 1187 4348 σύμϐολα.
1225 4278 1283 4330 '0
1309 4278 1417 4348 γὰρ
1456 4278 1567 4338 τοῖς
1623 4275 1825 4344 συμϐό·

249 4374 364 4437 λοις
405 4373 754 4442 ὲναπομένων
797 4369 890 4423 τοῦ
923 4370 1109 4438 νόμου,
1143 4370 1202 4420 οὑ
1234 4368 1454 4421 δύναται
1497 4367 1639 4419 κατὰ
1667 4366 1822 4431 λόγον

250 4469 352 4536 τὴν
377 4466 486 4518 τῶν
510 4465 683 4517 ὄντων
708 4464 869 4532 φύσιν
893 4464 1047 4533 όρᾷν,
1079 4461 1172 4513 καὶ
1201 4464 1325 4522 τοὺς
1347 4460 1601 4521 τεθέντας
1626 4459 1821 4510 οὑσιω-

248 4559 358 4620 δῶς
383 4556 489 4609 ὑπὸ
513 4556 607 4608 τοῦ
634 4553 965 4624 δημιουργοῦ
987 4556 1100 4615 τοῖς
1126 4548 1242 4605 οὖσι
1297 4551 1485 4618 λόγους
1527 4550 1825 4618 περιποιεῖ-

252 4650 400 4711 σθαι,
424 4649 511 4702 διὰ
530 4648 591 4701 τὸ
608 4647 716 4702 τῶν
738 4646 1015 4709 συμϐόλων
1042 4647 1176 4714 πρὸς
1208 4644 1305 4714 τὴν
1338 4643 1446 4695 τῶν
1472 4642 1635 4695 ὄντων
1667 4642 1824 4709 φύσιν

248 4742 525 4810 διάφορον.

324 4861 429 4922 κη’.
492 4854 550 4905 ὐ
590 4852 724 4904 Θεὸν
763 4850 859 4919 τὴν
910 4850 1114 4903 κοιλίαν
1140 4849 1461 4919 ἡγούμενος,
1492 4846 1583 4899 καὶ
1621 4845 1694 4905 ὠς
1734 4845 1824 4896 ἐπὶ

248 4946 379 5017 δόξῃ
428 4948 494 5015 τῇ
545 4944 773 5014 αἰσχύνῃ
820 4942 1304 5010 καλλωπιζόμενος,
1374 4939 1546 5007 μόνων
1585 4932 1719 4987 οἶδεν
1750 4935 1825 4996 ὡς

251 5038 413 5089 θείων
449 5036 767 5106 ἀντέχεσθαι
807 5035 895 5087 διὰ
942 5035 1180 5103 σπουδῆς
1224 5032 1332 5083 τῶν
1363 5030 1550 5083 παθῶν
1579 5031 1675 5097 τῆς
1706 5030 1823 5082 άτι-

251 5128 423 5196 μίας⁴
474 5127 569 5179 καὶ
617 5126 705 5179 διά
757 5124 915 5178 τοῦτο
956 5126 1096 5195 μόνα
1152 5122 1403 5193 περιέπει
1454 5122 1525 5174 τὰ
1577 5121 1821 5191 χρονικὰ,

248 5218 499 5271 τουτέστι
531 5220 627 5289 τὴν
659 5219 791 5289 ὓλην
828 5219 921 5271 καὶ
953 5218 1012 5269 τὸ
1044 5213 1202 5279 εἶδος,
1236 5215 1330 5267 καί
1352 5214 1449 5284 τὴν
1478 5215 1619 5267 κατὰ
1647 5213 1823 5282 παρά-

248 5324 448 5377 χρησιν
502 5307 814 5376 πενταπλῆν
873 5303 1149 5373 ἐνέργειαν
1208 5301 1314 5354 τῶν
1370 5302 1690 5370 αἰσθήσεων.
1747 5302 1824 5370 Τῇ

248 5399 361 5466 γάρ
419 5396 519 5467 ὕλῃ
564 5400 657 5450 καὶ
704 5397 781 5466 τῷ
826 5396 959 5449 εἴδει
1017 5393 1399 5462 συμπλακεῖσα
1443 5392 1582 5445 κατὰ
1614 5391 1758 5461 μίξιν
1792 5394 1825 5461 ή

247 5490 529 5552 αἴσθησις,
570 5490 849 5542 ἀποτελεῖν
900 5490 994 5558 μὲν
1043 5486 1231 5547 πάθος,
1263 5485 1599 5537 ἀπεκτείνειν
1638 5485 1691 5536 δὲ
1733 5483 1826 5535 καὶ

250 5582 493 5647 ἀναιρεῖν
519 5580 642 5641 τοὺς
670 5580 807 5633 κατὰ
832 5578 993 5646 φύσιν
1018 5580 1227 5646 πέφυκε
1265 5576 1475 5643 λόγους.
1510 5575 1686 5637 Πάθος
1720 5578 1827 5646 γάρ

253 5672 343 5723 καὶ
391 5670 552 5739 φύσις
593 5671 730 5723 κατὰ
768 5671 858 5722 τὸν
898 5668 991 5722 τοῦ
1039 5666 1179 5721 εἶναι
1233 5666 1410 5733 λόγον,
1450 5666 1695 5735 οὐδαμῶς
1733 5668 1826 5719 άλ-

246 5763 429 5831 λήλοις
468 5763 919 5833 συνυπάρχουσιν.
959 5764 1032 5815 Οὐ
1085 5762 1192 5831 γὰρ
1253 5759 1458 5829 πέφυκε
1510 5760 1669 5812 πάθει
1704 5778 1825 5813 σνν-

1924 3824 2022 3877 per
2050 3808 2282 3862 abusum
2321 3822 2517 3861 sensus
2548 3807 2875 3875 poliuentes,
2903 3808 3069 3878 316
3108 3824 3342 3877 quorum
3368 3810 3492 3865 labe

1925 3899 2202 3953 naturales
2241 3899 2298 3953 in
2328 3898 2495 3953 rebus
2539 3899 2783 3952 rationes
2819 3899 3138 3969 seminaque
3183 3899 3489 3955 interimat.

1991 4014 2080 4068 27.
2126 4014 2228 4080 Qui
2252 4014 2353 4067 soli
2384 4014 2656 4083 corporali
2680 4012 2816 4083 legis
2840 4014 3009 4069 cuitui
3051 4013 3293 4068 animum
3333 4015 3492 4069 adbi-

1924 4107 2037 4169 bet,
2070 4105 2375 4158 naturalem
2401 4104 2627 4158 omnino
2659 4106 2926 4158 rationem
2968 4113 3063 4158 aut
3105 4108 3492 4175 cogitationem

1925 4210 2257 4264 sensumque
2287 4196 2454 4249 animi
2480 4205 2539 4249 ut
2563 4196 2812 4265 recipiat,
2841 4197 2957 4251 iith
2994 4213 3102 4251 non
3132 4208 3342 4267 potest;
3367 4216 3492 4254 cum

1925 4299 2103 4353 neque
2148 4294 2519 4353 comparatum
2558 4286 2648 4349 sit,
2676 4294 2733 4338 ut
2759 4286 3001 4355 symbola
3046 4286 3371 4356 itlipsumae
3400 4306 3495 4342 na-

1926 4383 2046 4427 tura
2078 4374 2207 4427 sint.
2248 4373 2351 4438 Qui
2381 4373 2527 4427 enim
2558 4373 2695 4442 legis
2732 4374 2993 4444 symbolis
3029 4375 3371 4440 immoratur,
3410 4393 3496 4429 re-

1927 4477 2051 4518 rum
2084 4472 2361 4527 naturam,
2394 4464 2467 4517 ita
2506 4475 2567 4517 ut
2609 4464 2819 4518 ratione
2853 4474 3229 4534 comparatum
3258 4475 3359 4529 est,
3406 4467 3491 4519 ln-

1928 4566 2103 4611 strare
2142 4572 2248 4609 non
2293 4565 2490 4625 potest,
2518 4571 2619 4609 nec
2653 4556 3021 4609 essentialiter
3050 4572 3077 4609 a
3112 4556 3371 4611 Creatore
3414 4558 3495 4612 in-

1927 4646 2071 4701 ditas
2111 4647 2279 4701 rebus
2312 4647 2553 4700 rationes
2581 4647 2876 4709 asciscere,
2926 4646 2997 4701 ob
3021 4648 3315 4703 discrimen
3346 4647 3494 4718 quod

1928 4738 2071 4792 inter
2101 4737 2343 4808 symbola
2375 4752 2668 4807 rerumque
2692 4748 2945 4791 naturam
2978 4749 3082 4792 est.

1997 4849 2083 4904 28.
2112 4850 2214 4915 Qui
2239 4859 2484 4905 ventrem
2501 4850 2671 4905 Deum
2711 4865 2831 4906 esse
2863 4851 3158 4917 existimat,
3200 4868 3263 4907 ac
3297 4852 3491 4907 confu-

1927 4941 2081 4994 sione
2108 4942 2425 5009 probroqu:
2454 4942 2722 5011 gloriatur
2747 4951 2807 4995 ut
2833 4943 3122 5012 magnifico
3156 4944 3340 5014 glorize
3366 4946 3496 4999 titus

1927 5032 1999 5094 lo,
2052 5033 2198 5086 solos
2247 5032 2397 5085 novit
2444 5040 2703 5102 tanquam
2758 5033 2974 5086 divinos
3020 5036 3165 5088 serio
3205 5036 3493 5104 complecti

1929 5124 2379 5193 probrosissnmos
2400 5123 2630 5178 allectus
2654 5125 2893 5193 vitiaque
2930 5147 2941 5179 ;
2966 5127 3201 5195 binaque
3230 5128 3367 5182 adeo
3388 5138 3492 5190 est,

1931 5231 1988 5269 ut
2017 5216 2130 5269 sola
2165 5228 2322 5270 curet
2354 5217 2607 5285 celatque
2648 5226 3031 5286 temporanea;
3069 5222 3351 5273 materiam
3387 5222 3496 5273 sci-

1928 5305 2057 5358 licet
2086 5311 2142 5357 et
2196 5303 2448 5368 formam,
2510 5312 2566 5357 et
2591 5319 2712 5372 quae
2754 5302 2927 5357 abusu
2962 5312 3195 5367 constat,
3250 5305 3495 5373 quinque

1930 5394 2181 5465 partibus
2230 5396 2461 5448 divisam
2511 5409 2771 5448 sensuum
2825 5396 3225 5463 operationem.
3296 5394 3493 5448 Sensui

1928 5487 2075 5541 enim
2103 5486 2343 5539 materiae
2368 5486 2665 5553 formaeque
2699 5486 3030 5553 complicato
3073 5498 3235 5554 atque
3262 5486 3494 5538 commi-

1929 5590 2013 5633 sto
2046 5586 2425 5645 comparatum
2460 5587 2542 5631 est
2567 5616 2581 5636 ,
2621 5586 2678 5629 ut
2719 5576 2965 5631 libidinis
2999 5576 3230 5643 vitiique
3272 5587 3492 5642 parens,

1930 5670 2206 5725 naturales
2237 5669 2480 5721 rationes
2511 5668 2758 5722 sublatas
2797 5668 2928 5720 velit
2963 5682 3024 5720 ac
3057 5666 3357 5719 interimat.
3397 5664 3494 5717 Vi-

1934 5762 2069 5814 tium
2100 5760 2279 5825 enim,
2326 5775 2419 5815 seu
2456 5759 2628 5815 libido
2674 5769 2727 5815 et
2771 5759 3149 5829 perturbatio,
3187 5767 3493 5822 naturaque
