4184 6436
258 394 383 468 1361

951 408 1282 470 CAPITUM
1319 409 1739 483 QUINQUIES
1779 407 2297 472 CENTENORUM
2337 412 2721 474 CENTURIA
2755 415 2810 474 γ.

3345 410 3479 474 13θῖ

254 505 456 577 σαρκὸς
503 508 695 577 ἡδονὴν
729 512 949 584 ἐντολὴν
981 517 1350 587 ἐκδεχόμενος,
1383 519 1477 570 καὶ
1509 519 1674 587 μόνης
1701 532 1803 567 κατ

1923 515 2030 568 lem
2083 517 2446 587 ignorantiam
2489 518 2673 579 habet,
2722 536 2788 570 ex
2851 518 2962 571 sola
3015 516 3194 570 carnis
3254 517 3478 572 libidine

250 595 506 665 αίσθησιν
565 598 925 671 ἀντεχόμενος
992 606 1318 675 σωματικῶς
1389 609 1488 676 τῆς

249 703 596 757 γραμματος.

1541 605 1673 677 ὕλης
1722 603 1818 657 τοῦ

317 863 419 933 λγ’.
465 867 526 920 '0
562 869 660 939 μέν
696 874 1022 938 σωματικῶς
1047 874 1189 928 κατὰ
1211 876 1303 928 τὺι
1327 876 1488 945 νόμον
1519 875 1814 946 λατρεύων,

246 955 499 1027 καθάπερ
546 958 679 1029 ὕλην
728 965 888 1034 γεννᾷ
923 963 1022 1035 τὴν
1057 966 1176 1018 κατ’
1206 966 1488 1036 ἐνέργειαν
1522 966 1814 1036 ἁμαρτίαν,

245 1048 341 1099 καὶ
367 1048 441 1110 ὡς
469 1045 607 1116 εἶδος
639 1052 736 1123 τὴν
766 1054 854 1106 ἐπ’
881 1056 1016 1127 αὐτῇ
1041 1057 1134 1110 τοῦ
1162 1058 1254 1111 νοῦ
1280 1057 1677 1124 συγκατάθεσιν
1697 1059 1816 1120 ταῖς

244 1141 580 1210 προσφόροις
597 1143 812 1213 ἡδοναῖς
840 1147 951 1199 τῶν
988 1149 1294 1217 αἰσθήσεων
1323 1148 1523 1210 ὑλικῶς
1557 1148 1812 1200 διαπλάτο

241 1245 416 1284 τεται.
465 1233 521 1286 ’0
565 1232 622 1286 δέ
657 1237 1039 1305 πνευματικῶς
1064 1239 1162 1308 τὴν
1193 1237 1411 1310 Γραφὴν
1443 1237 1814 1308 ἐκδεχόμενος,

241 1321 319 1383 ὡς
371 1322 470 1391 μὲν
503 1323 633 1394 ὓλην
675 1326 772 1396 τὴν
807 1328 1108 1397 ἐνέργειαν,
1153 1329 1228 1391 ὡς
1257 1325 1394 1392 εἶδος
1419 1328 1475 1381 δὲ
1514 1329 1612 1398 τῆς
1636 1329 1816 1399 ἁμαρ·

238 1412 364 1475 τίας
388 1414 485 1484 τὴν
516 1418 931 1484 συγκατάθεσιν,
965 1421 1102 1488 μετὰ
1145 1420 1253 1474 τῶν
1283 1421 1421 1474 κατὰ
1465 1421 1814 1493 παραχρησιν

241 1505 381 1573 πρὸς
415 1506 603 1578 ἡδονὴν
655 1510 754 1578 τῆς
811 1511 1118 1581 αἰσθήσεως
1168 1511 1383 1582 τρόπων
1432 1512 1674 1576 θανατοῖ,
1725 1510 1813 1564 διὰ

238 1596 349 1647 ⁶τῶν
384 1599 625 1664 φυσικῶν
652 1601 926 1671 λογισμῶν
959 1606 1016 1655 ἐν
1045 1603 1122 1673 τῷ
1158 1604 1284 1674 ὕψει
1318 1607 1420 1675 τῆς
1452 1604 1702 1674 θεωρίας.

312 1687 404 1741 λδ⁶.
445 1687 554 1760 Τὴν
594 1689 726 1761 ὓλην
774 1693 867 1745 καὶ
917 1693 979 1746 τδ
1026 1690 1184 1758 εἶδος,
1245 1696 1341 1748 καὶ
1392 1696 1518 1758 τοὺς
1548 1695 1673 1766 περὶ
1714 1695 1812 1765 τὴν

239 1777 376 1847 ὓλην
423 1784 516 1832 καὶ
549 1782 609 1834 τὸ
647 1779 784 1847 εἶδος
829 1785 969 1838 κατὰ
1009 1787 1353 1857 παράχρησιν
1386 1787 1545 1840 πέντε
1577 1787 1811 1858 τρόπους

237 1870 348 1922 τῶν
394 1872 552 1925 πέντε
590 1874 930 1945 αἰσθήσεων·
970 1878 1113 1946 λέγω
1159 1878 1216 1931 δὲ
1251 1879 1348 1949 τὴν
1377 1880 1597 1949 ἐμπαθῆ
1631 1898 1689 1934 τε
1717 1880 1810 1934 καὶ

239 1961 393 2030 παρὰ
431 1961 590 2029 φύσιν
627 1964 760 2035 πρὸς
792 1967 859 2019 τὰ
890 1971 1122 2038 αίσθητὰ
1167 1969 1275 2021 τῶν
1315 1971 1620 2040 αἰσθήσεσιν
1671 1989 1808 2039 συμ-

238 2050 466 2121 πλοκὴν,
510 2055 678 2121 ἤγουν
709 2055 776 2107 τὰ
822 2056 928 2108 ὑπὸ
958 2059 1148 2126 χρόνον
1183 2059 1276 2111 καὶ
1308 2060 1512 2128 ρεῦσιν,
1552 2061 1690 2128 μετὰ
1711 2064 1808 2128 τὴν

238 2143 473 2211 πάροδον
526 2145 624 2214 τῆς
665 2147 722 2198 ἐν
769 2147 918 2218 νόμῳ
970 2149 1108 2203 κατὰ
1137 2151 1197 2202 τὸ
1231 2151 1465 2220 γράμμα
1496 2151 1811 2220 σωματικῆς

237 2230 515 2299 λατρείας,
571 2237 665 2287 καὶ
715 2238 813 2306 τὴν
854 2241 950 2307 τῆς
996 2239 1215 2306 ἀγνοίας
1261 2240 1526 2303 διάϐασιν,
1578 2241 1810 2308 παραδί-

237 2323 372 2376 δωσι
406 2325 776 2397 θανατωθῆναι
811 2333 917 2388 τοῖς
950 2331 1089 2382 κατὰ
1125 2332 1358 2401 φυσικὴν
1399 2331 1627 2401 Θεωρίαν
1669 2332 1808 2403 ὑψη-

239 2413 479 2484 λοτέροις
511 2417 688 2485 λόγοις
719 2419 811 2472 καὶ
841 2420 1134 2487 λογισμοῖς,
1171 2423 1198 2474 ό
1231 2424 1594 2490 πνευματικὸς
1625 2423 1805 2492 νόμος,

237 2505 271 2575 ἢ
295 2505 438 2566 νοῦς·
462 2507 557 2578 τὴν
575 2510 754 2574 ἐντοῖς
787 2511 1069 2580 συμϐόλοις
1097 2513 1233 2581 πρὸς
1260 2513 1511 2582 αἴσθησιν
1540 2515 1631 2566 καὶ
1655 2515 1810 2583 σῶμα

239 2597 682 2670 καθολικωτάτην
739 2605 846 2655 τῶν
898 2605 1000 2657 ὑπὸ
1051 2605 1240 2675 χρόνον
1298 2607 1502 2676 σχέσιν,
1554 2607 1810 2675 ἀφανίσαι

237 2689 336 2741 καὶ
367 2691 693 2757 θανατῶσαι,
729 2696 871 2749 κατὰ
908 2698 967 2750 τὸ
1008 2698 1142 2770 ὕψος
1179 2699 1489 2771 γινομένοις
1513 2700 1608 2754 τοῦ
1645 2703 1807 2768 νόμον

236 2776 338 2846 τῆς
360 2784 742 2854 πνευματικῆς
771 2784 1028 2851 θεωρίας.

309 2951 404 3006 λε’.
450 2956 636 3026 Χωρὶς
671 2961 910 3029 φυσικῆς
945 2961 1199 3036 θεωρίας,
1239 2965 1414 3029 οὐδεὶς
1442 2965 1539 3038 τὴν
1573 2965 1709 3037 πρὸς
1742 2970 1808 3022 τὰ

236 3043 360 3098 θεῖα
381 3047 492 3101 τῶν
519 3051 756 3118 νομικῶν
787 3055 1066 3122 συμϐόλων
1095 3056 1413 3126 ἀπέμῳασιν
1441 3059 1806 3126 διαγινώσκει.

1919 607 2148 678 ejusque
2189 611 2400 666 ratione
2439 611 2756 665 mandatum
2799 609 3111 680 intelligens
3136 647 3152 672 ,
3193 608 3481 678 solurrique

1919 697 2118 753 littera
2166 702 2424 755 corticem
2481 700 2840 769 corporaliter
2875 740 2888 760 ,
2931 716 3032 768 pro
3074 714 3140 754 eo
3201 713 3266 753 ac
3315 714 3479 754 sensu

1919 799 2291 857 comparatum
2311 800 2414 855 est,
2448 791 2833 860 complectens.
3371 777 3380 786 ’

1987 877 2075 930 55.
2104 878 2210 944 Qui
2232 881 2592 949 corporaliter
2616 880 2845 949 legalem
2876 879 3084 930 cultum
3128 878 3265 943 obit,
3307 879 3482 933 instar

1919 968 2182 1031 materia,
2232 971 2440 1038 peccati
2471 978 2653 1026 actum
2685 969 2890 1039 gignit;
2935 968 3216 1037 instatque
3270 967 3478 1029 forma,

1919 1059 2120 1112 mentis
2151 1059 2206 1112 in
2242 1059 2377 1113 illud
2401 1059 2856 1116 convenientibus
2885 1071 3148 1113 sensuum
3186 1056 3477 1126 voluptati-

1917 1149 2023 1204 bus
2057 1150 2416 1205 materialiter
2439 1151 2642 1205 format
2674 1164 2977 1205 assensum.
3005 1147 3110 1214 Qui
3141 1155 3327 1202 autem
3367 1149 3478 1217 spi-

1917 1240 2151 1294 ritaliter
2173 1240 2514 1310 Scripturam
2533 1239 2752 1309 accipit,
2784 1240 2955 1294 instar
2976 1238 3238 1304 materia,
3262 1247 3443 1292 actum
3463 1278 3478 1302 ,

1918 1332 2200 1402 instarque
2255 1331 2487 1393 turma,
2546 1331 2758 1400 peccati
2807 1345 3158 1392 consensum,
3195 1345 3304 1382 una
3353 1345 3478 1382 Clllll

1915 1437 2110 1477 sensus
2137 1439 2236 1493 per
2259 1423 2582 1478 abusionem
2607 1421 2807 1477 lasciva
2827 1419 3010 1475 indole
3032 1421 3260 1490 ejusque
3280 1420 3476 1484 modis,

1914 1514 2250 1566 naturalium
2277 1514 2554 1567 rationum
2591 1527 2760 1582 opera
2793 1512 2848 1566 in
2881 1511 3106 1566 sublimi
3135 1511 3477 1580 conteinipla—

1915 1602 2082 1656 tionis
2107 1617 2206 1656 axe
2233 1602 2524 1656 interimit.

1981 1693 2071 1746 3L
2097 1692 2376 1746 Materiam
2395 1701 2455 1747 et
2485 1692 2740 1756 formam,
2764 1691 2969 1762 quique
2996 1691 3174 1746 abusu
3191 1691 3342 1746 circa
3366 1705 3478 1744 ma-

1913 1782 2105 1835 teriam
2139 1781 2434 1837 etformam
2457 1781 2605 1835 modi
2634 1781 2878 1852 quinque
2908 1796 3166 1837 sensuum
3189 1789 3479 1834 versantur

1843 1843 1884 1897 Β
1915 1871 2290 1941 (libidinosum
2327 1872 2542 1927 scilicet
2571 1887 2636 1926 ac
2673 1872 3038 1926 innaturalem
3064 1886 3326 1926 sensuum
3352 1885 3476 1924 eum

1912 1964 2079 2018 rebus
2127 1979 2249 2033 qua
2305 1977 2472 2017 sensu
2515 1963 2900 2033 percipiuntur
2929 1963 3313 2030 complexum;
3359 1962 3476 2018 sivi:

1909 2072 2034 2111 cum
2071 2055 2138 2111 iis
2163 2072 2285 2126 qua
2310 2055 2546 2110 subsunt
2585 2054 2818 2125 tempori
2857 2069 2921 2109 ac
2942 2051 3307 2123 dilabuntur),
3350 2061 3471 2121 post

1910 2148 2122 2202 scilicet
2153 2148 2494 2216 corporalem
2521 2147 2656 2216 legis
2701 2147 2909 2200 cultum
2939 2161 3008 2200 ex
3033 2144 3233 2199 littera
3262 2145 3474 2200 ratione

1911 2246 2060 2293 retro
2108 2238 2382 2302 relictum,
2445 2252 2511 2291 ac
2561 2244 2874 2306 superatam
2921 2235 3302 2305 ignorantiam,
3352 2234 3473 2289 neci

1909 2331 2210 2387 tradendos
2242 2330 2660 2386 sublimioribus
2709 2327 2978 2382 naturalis
3028 2327 3196 2398 618
3230 2334 3475 2380 contem-

1909 2422 2168 2490 plationis
2197 2420 2503 2475 rationibus
2523 2434 2588 2473 ac
2608 2418 3054 2489 cogitationibus,
3076 2419 3163 2471 lex
3190 2417 3473 2486 spiritalis,

1909 2513 2023 2567 sive
2061 2527 2216 2567 mens
2244 2510 2446 2576 tradit;
2495 2523 2694 2576 nempe
2725 2548 2740 2572 ,
2776 2515 2836 2561 ut
2859 2506 3382 2561 universalissimam
3417 2505 3473 2559 ia

1910 2603 2169 2674 symbolis
2202 2617 2386 2656 rerum
2415 2599 2646 2670 tempori
2691 2599 3061 2669 subjectarum
3083 2613 3151 2651 ex
3186 2611 3383 2651 sensus
3412 2611 3475 2649 ac

1909 2693 2157 2762 corporis
2213 2693 2427 2746 ratione
2480 2690 2946 2744 necessitudinem
2974 2730 2987 2754 ,
3060 2687 3130 2742 ad
3183 2687 3473 2742 sublimem

1907 2799 2064 2842 axem
2123 2784 2386 2855 spiritalis
2429 2781 2907 2853 contemplationis
2962 2779 3100 2851 legis
3159 2784 3432 2848 provecta:
3458 2820 3472 2840 ,
3517 2837 3522 2841 ,

1909 2877 2166 2931 aboleant
2194 2891 2258 2930 ac
2295 2874 2633 2929 interimant.

1979 2969 2064 3023 55.
2089 2967 2234 3024 Citra
2261 2967 2562 3021 naturalem
2590 2964 3040 3033 speculationem,
3065 2974 3228 3014 nemo
3257 2957 3476 3027 symbo-

1912 3059 2088 3113 lorum
2141 3059 2396 3128 legalium
2441 3058 2845 3111 dissentaneam
2895 3070 2926 3107 a
2965 3051 3166 3106 divinis
3206 3050 3474 3104 rationem

237 3136 302 3234 ξεί
336 3140 442 3208 γὰρ
500 3141 574 3212 μὴ
609 3145 851 3211 φυσικῶς
883 3148 1143 3216 πρότερόν
1171 3166 1253 3211 τις
1282 3150 1378 3220 τὴν
1401 3154 1579 3214 ἐντοῖς
1610 3155 1805 3223 συμϐό-

1911 3150 2207 3219 cognoscit.
2236 3149 2351 3203 Nisi
2382 3148 2529 3203 enim
2560 3146 2688 3216 quis
2721 3145 2894 3215 prius,
2931 3143 3245 3197 divinorum
3275 3155 3339 3196 ac
3386 3140 3476 3194 in-

235 3230 348 3294 λοις
377 3234 485 3286 τῶν
520 3235 677 3289 θείων
715 3239 807 3289 καὶ
831 3240 1035 3308 νοητῶν
1066 3242 1441 3314 διασκοπήσας
1459 3245 1800 3315 ἀπέμφασιν,

235 3323 410 3375 ἐλθεῖν
434 3324 660 3396 ποθήσει
697 3328 835 3381 κατὰ
864 3330 1008 3394 νοῦν,
1036 3330 1138 3395 ἔξω
1177 3334 1454 3396 παντελῶς
1493 3336 1600 3388 τῶν
1646 3338 1804 3389 θείων

234 3416 446 3468 ἀδύτων
470 3417 568 3488 τὴν
597 3420 850 3488 αἴσθησιν
874 3421 1122 3489 θέμενος,
1160 3424 1297 3495 πρὸς
1329 3426 1427 3498 τὴν
1461 3427 1566 3478 τῶν
1601 3429 1803 3498 νοητῶν

232 3507 586 3576 εὐπρέπειαν,
604 3510 701 3578 τῆς
719 3513 775 3562 ἐν
792 3514 1099 3575 τοῖςτύποις
1123 3513 1455 3585 ἀπολυθῆναι
1473 3518 1720 3583 καθάπαξ
1742 3520 1802 3571 οὐ

232 3598 456 3652 δύναται
505 3602 826 3671 σωματικῆς
876 3604 1149 3668 ποικιλίας
1179 3623 1191 3636 ’
1221 3606 1342 3659 καθ’
1368 3608 1432 3678 ἣν
1464 3609 1572 3672 ἐως
1607 3609 1804 3680 βέϐηκε

233 3687 329 3740 τοῦ
361 3689 688 3758 γράμματος
720 3692 1097 3761 ἀντεχόμενος,
1125 3681 1222 3765 τῆν
1247 3697 1309 3747 ἐκ
1360 3696 1452 3749 τοῦ
1505 3697 1664 3768 λιμοῦ
1705 3702 1806 3770 τῆς

233 3779 488 3846 γνώσεως
510 3782 732 3844 εἰκότως
750 3785 980 3854 ἀπορίαν
1000 3787 1059 3837 οὺ
1082 3788 1504 3858 παραμυθεῖται,
1538 3792 1636 3860 τῆς
1667 3792 1806 3862 Γρα-

232 3871 341 3938 φῆς
368 3871 466 3940 τὴν
490 3872 611 3941 γῆν,
658 3875 824 3942 ἤγουν
871 3874 931 3925 τὸ
979 3875 1156 3944 σῶμα,
1212 3877 1350 3930 κατὰ
1397 3877 1486 3929 τὸν
1529 3879 1802 3949 ἀπατηλὸν

230 3961 355 4026 ὅφιν
405 3961 605 4015 ἐσθίειν
658 3964 848 4016 ἑαυτὸν
908 3966 1314 4029 καταδικάσας·
1372 3969 1487 4022 ἀλλ’
1536 3970 1595 4022 οὐ
1661 3971 1803 4024 κατὰ

228 4051 487 4121 Χριστὸν,
516 4052 608 4103 τὸν
637 4053 883 4122 οὐρανὸν,
922 4054 1089 4122 ἤγουν
1128 4057 1226 4125 τῆς
1251 4057 1472 4126 Γραφῆς
1503 4059 1560 4110 τὸ
1585 4060 1804 4127 πνεῦμα

231 4144 326 4195 καὶ
356 4141 454 4212 τὴν
482 4143 679 4213 ψυχὴν,
718 4145 966 4198 τουτέστι
996 4147 1084 4198 τὸν
1109 4147 1357 4216 οὐράνιον
1393 4151 1486 4202 καὶ
1515 4151 1802 4218 ἀγγελικδν

230 4232 399 4302 ἄρτον
428 4233 606 4301 ’λέγω
643 4235 722 4296 δὲ,
745 4236 844 4304 τὴν
875 4237 931 4288 ἐν
958 4237 1178 4308 Χριστῷ
1216 4240 1324 4291 τῶν
1361 4241 1592 4310 Γραῳῶν
1636 4260 1800 4295 πνευ-

233 4323 472 4393 ματικὴν
509 4324 739 4392 θεωρίαν
787 4327 881 4379 καὶ
926 4327 1128 4394 γνῶσιν
1177 4327 1671 4399 βρωματιζὸμενος,
1735 4334 1800 4402 ἣν

227 4415 416 4466 δίδωσι
478 4413 718 4482 δαψιλῶς
771 4417 1277 4488 ἐπιχορηγουμένην
1332 4424 1444 4484 τοῖς
1512 4424 1799 4490 ἀγαπῶσιν

1911 3245 2272 3312 telligibilium
2298 3243 2643 3297 dissentanea
2663 3240 2717 3294 in
2741 3237 3001 3311 symbolis
3027 3236 3237 3289 ratione
3269 3247 3334 3288 ac
3359 3231 3474 3286 dis-

1906 3335 2268 3389 similitudine
2327 3334 2621 3403 diligenter
2687 3333 2972 3400 inspecta,
3033 3343 3198 3382 sensu
3253 3326 3476 3395 penitus

1905 3425 2107 3479 divinis
2133 3425 2357 3480 excluso
2389 3424 2588 3496 adytis,
2628 3423 2873 3492 forisque
2897 3421 3122 3485 relicto,
3159 3417 3225 3473 ad
3249 3432 3474 3473 eorum-

1905 3518 2031 3572 dem
2057 3517 2388 3586 spiritalium
2409 3515 2950 3587 intelligibiliumque
2978 3512 3259 3574 decorem,
3288 3517 3475 3564 mente

1905 3608 2095 3663 venire
2145 3616 2388 3678 satagat,
2439 3623 2472 3661 a
2529 3605 2801 3676 corporali
2852 3604 3147 3675 ﬁgurarum
3206 3598 3476 3654 varietate

1905 3698 2131 3754 omnino
2158 3697 2369 3755 absolvi
2399 3712 2509 3751 non
2541 3703 2752 3766 potest;
2779 3710 2846 3750 ex
2880 3695 3038 3765 cujus
3063 3692 3274 3746 ratione
3297 3705 3474 3760 quan-

1905 3792 1999 3846 diu
2025 3791 2289 3855 ambulat,
2307 3791 2506 3845 littera
2522 3788 2810 3845 adhaerens
2833 3800 3064 3857 eamque
3080 3781 3472 3847 consectando,

1905 3883 1964 3937 ﬁt
1991 3883 2210 3946 merito,
2262 3891 2324 3937 ut
2372 3890 2693 3953 egestatem,
2738 3895 2847 3950 qua
2899 3879 3042 3934 fame
3093 3876 3331 3940 laborat,
3364 3890 3474 3929 non

1904 3975 2133 4037 soletur,
2201 3974 2296 4043 qui
2346 3974 2462 4043 ipse
2524 3989 2605 4038 se,
2667 3973 2940 4042 serpentis
2989 3967 3292 4024 seductoris
3322 3981 3474 4020 more

1903 4064 2196 4126 addixerit,
2256 4073 2315 4117 ut
2368 4063 2668 4131 Scriptura
2718 4071 2922 4118 terram
2971 4059 3194 4129 (corpus
3241 4056 3473 4120 scilicet)

1903 4154 2150 4209 comedat
2173 4156 2233 4218 "‘;
2251 4169 2354 4207 non
2381 4162 2438 4206 ut
2465 4153 2774 4208 Christiana
2801 4153 3155 4224 ingenuitate,
3175 4149 3475 4219 Scriptura

1902 4246 2098 4299 calum
2127 4245 2399 4313 (spiritum
2426 4244 2636 4298 scilicet
2665 4244 3019 4312 animumque
3050 4255 3248 4308 nempe
3275 4252 3473 4308 panem

1902 4337 2182 4391 caelestem
2209 4346 2264 4390 et
2286 4333 2621 4406 angelicum)
2647 4334 2946 4388 manducet
2981 4350 2993 4385 :
3024 4331 3346 4401 spiritalem,
3386 4328 3472 4381 in-

1903 4442 2087 4495 quam,
2120 4427 2174 4480 in
2198 4425 2418 4480 Christo
2438 4426 2847 4495 Scripturarum
2872 4420 3389 4491 contemplationem
3419 4428 3476 4472 et

227 4507 394 4560 αὑτὸν
425 4509 452 4560 ὁ
475 4508 626 4570 Θεὸς,
656 4509 798 4562 κατὰ
823 4510 880 4562 τὸ
920 4513 1322 4581 γεγραμμένον,
1377 4516 1581 4582 Ἄρτον
1628 4519 1800 4584 οὐρα-

1908 4517 2195 4572 seientiam
2229 4517 2413 4570 cibum
2450 4516 2705 4583 adeptus,
2742 4529 2906 4583 quem
2952 4513 3097 4566 Deus
3135 4513 3314 4581 ipsum
3345 4508 3472 4564 dili-

225 4599 343 4654 νοῦ
372 4600 594 4655 ἔδωκεν
622 4601 847 4668 αὐτοῖς,
877 4603 1059 4670 ἄρτον
1101 4606 1372 4673 (ἐι-γέλων
1423 4608 1644 4676 ἔφαγεν
1697 4611 1800 4662 ἄν·

222 4694 478 4758 Ορωπος.

307 4863 410 4931 λς’.
460 4866 577 4938 Χρὴ
615 4866 714 4938 τὴν
757 4867 877 4920 κατ’
909 4867 1158 4938 αἴσθησιν
1194 4870 1327 4940 πρὸς
1354 4870 1511 4940 σῶμα
1544 4873 1639 4942 τῆς
1663 4874 1802 4943 Γρα-

224 4959 340 5026 cpi};
367 4957 614 5028 ἐκδοχὴν,
641 4959 714 5021 ὡς
737 4959 926 5012 παθῶν
956 4961 1236 5031 προδήλως
1260 4964 1353 5016 καὶ
1392 4965 1489 5032 τῆς
1545 4964 1678 5034 ’πρὸς
1732 4967 1799 5018 τὰ

223 5051 459 5120 χρονικὰ
498 5054 592 5104 καὶ
639 5053 828 5123 ῥέοντα
863 5055 1117 5124 σχετικῆς
1149 5057 1440 5119 διαθέσεως
1472 5055 1636 5110 οὖσαν
1671 5075 1795 5126 γεν-

223 5135 475 5207 νητικὴν,
500 5139 664 5208 ἤγουν
693 5141 793 5210 τῆς
824 5142 959 5211 πρὸς
993 5145 1060 5195 τὰ
1092 5145 1323 5214 αἰσθητὰ
1357 5146 1464 5198 τῶν
1494 5148 1798 5216 αἰσθήσεων

225 5228 511 5296 ἐμπαθοῦς
544 5229 843 5301 ἐνεργείας,
864 5235 937 5297 ὡς
965 5235 1132 5288 Σαοὺλ
1152 5236 1315 5289 τέκνα
1338 5239 1429 5290 καὶ
1453 5238 1671 5307 ἔκγονα⁷
1711 5241 1799 5294 διὰ

305 5381 348 5412 ⁸⁸
370 5383 505 5439 Gen.
537 5400 613 5447 ιιι,
646 5386 732 5441 Η.
810 5387 854 5419 ⁸⁸
888 5389 1029 5443 Psal.
1070 5405 1267 5454 LXXV],
1296 5393 1384 5445 2i.

225 5517 373 5590 nalis
403 5516 526 5572 inde
561 5519 830 5583 redditus,
861 5537 924 5574 ac
957 5522 1107 5574 velut
1133 5523 1250 5590 ejus
1279 5537 1432 5584 cura,
1455 5531 1510 5576 ct
1547 5524 1798 5590 voluptas

225 5587 345 5666 illis
371 5590 664 5666 sanciatur,
706 5598 764 5642 ut
803 5587 1181 5666 superioribus
1223 5587 1794 5666 jain‘exposuit._1\'un

227 5661 373 5712 bene
407 5659 587 5715 Picus.
618 5660 926 5712 incarnatus
961 5663 1157 5713 ruentis
1193 5659 1464 5728 sacriﬁciis
1489 5662 1664 5729 ειμιυά
1705 5664 1794 5716 iile

222 5729 457 5800 cruentis
479 5729 777 5797 scripserit.
804 5729 955 5795 Quod
997 5741 1136 5791 erat,
1168 5733 1224 5782 ὲν
1262 5732 1336 5797 τῷ
1379 5731 1499 5799 ὕψει
1531 5733 1625 5800 τῆς
1650 5733 1793 5784 ἀπα-

231 5798 418 5859 θείας·
451 5810 722 5868 essetque,
779 5801 833 5854 in
867 5801 1346 5869 impcrturbatiouis
1388 5798 1620 5854 celsitole
1645 5804 1792 5868 ejus-

1908 4610 2162 4680 gentibus
2205 4609 2353 4677 large
2393 4607 2794 4668 subministret,
2829 4606 2979 4675 juxta
3027 4605 3175 4674 quod
3206 4603 3473 4672 scriptum

1906 4711 1983 4754 est
2021 4719 2032 4753 :
2061 4700 2260 4753 Panem
2291 4699 2404 4753 cali
2438 4699 2577 4750 dedit
2606 4699 2678 4750 eis
2703 4737 2718 4761 ,
2750 4712 2940 4766 panem
2973 4693 3285 4765 angelorum
3317 4709 3471 4746 man-

1906 4791 2114 4843 ducavit
2141 4792 2293 4844 homo
2316 4791 2382 4842 ‘9.

1979 4883 2066 4935 56.
2104 4882 2294 4950 Opera
2326 4881 2564 4949 pretium
2601 4890 2706 4941 est,
2737 4889 2797 4932 ut
2840 4877 3141 4946 Scriptura
3183 4891 3248 4929 ex
3279 4888 3473 4947 sensus

1909 4971 2120 5024 ratione
2172 4970 2387 5040 corpori
2450 4968 2917 5025 accommodatam
2971 4965 3368 5035 acceptionem,
3410 4973 3473 5017 ut

1905 5060 2193 5128 perspicue
2233 5060 2712 5128 perturbationum
2752 5058 3121 5126 vitiorumque
3145 5097 3160 5121 ,
3191 5071 3256 5111 ac
3285 5055 3473 5113 libidi-

1905 5165 2048 5204 nos:e
2071 5166 2194 5219 erga
2215 5159 2564 5218 temporanca
2586 5150 2834 5218 tluxaque
2857 5147 3162 5202 aﬂ‘ectionis
3188 5155 3468 5217 parentem

1908 5242 2138 5310 (vitiosa
2165 5241 2378 5296 scilicet
2404 5257 2598 5295 sensus
2629 5256 2758 5309 erga
2792 5254 2880 5293 res
2911 5240 2986 5294 illi
3011 5240 3254 5310 objectas
3279 5252 3471 5307 opera-

1905 5539 2010 5592 que
2044 5539 2258 5576 summo
2283 5540 2380 5578 axe
2407 5538 2470 5578 ac
2491 5525 2718 5586 vertice,
2745 5523 3002 5591 allegoria
3035 5523 3384 5592 admontem,
3412 5521 3469 5576 in

1904 5609 2012 5662 quo
2067 5593 2314 5648 eruciﬁxi
2366 5593 2550 5648 Saulis
2601 5593 2732 5657 ﬁlii;
2782 5608 2890 5645 non
2929 5592 3068 5648 bene
3103 5591 3243 5645 idem
3277 5591 3461 5662 Picus.

1902 5659 2238 5733 cogitationes
2260 5663 2472 5717 excelsa:
2501 5665 2779 5717 vacuitatis
2799 5664 3150 5730 aﬂcctionum,
3183 5659 3368 5733 aptius
3391 5671 3472 5733 ta-

1901 5730 2196 5855 xieiwttlod
2222 5734 2437 5788 restitui
2458 5733 2710 5804 θεωρίας,
2732 5740 3015 5803 exstatque
3035 5739 3228 5802 quast.
3259 5730 3344 5783 illa
3373 5731 3460 5790 65,

1948 5821 1962 5853 (
2059 5821 2107 5854 ιη
2137 5821 2237 5855 αδδ.

1948 5821 1977 5854 (ι
2011 5821 2028 5852 Ι
2046 5821 2237 5856 ιιηιηδσ.
