4184 6436
288 378 430 444 1365

279 563 409 632 περὶ
428 563 530 632 τὴν
553 563 878 615 ἐπείσακτον
917 566 1129 632 γένεσιν
1181 567 1248 636 (c)
1291 569 1551 637 σχέσεως,
1596 571 1861 639 παντελὴς

281 654 646 723 περιαίρεσις.
683 656 935 718 Φυσικῶς
972 658 1078 726 γάρ
1110 660 1497 723 ἐπιϐάλλοντες
1528 663 1642 724 τοῖς
1681 662 1861 731 πράγ-

283 765 472 815 μασιν,
535 746 764 816 οἴδαμεν
825 747 900 805 ὼς
952 750 1052 801 οὐκ
1103 749 1218 802 ἔστι
1271 752 1613 822 τελειότηςή
1657 754 1755 822 τῆς
1798 756 1863 806 ὲκ

274 833 414 886 Θεοῦ
469 834 616 886 κατά
679 834 840 900 φύσιν
893 835 1208 908 ἀρτιότητος
1251 839 1614 910 περιαίρεσις.
1643 842 1717 894 Οὐ
1754 841 1862 910 γὰρ

278 928 426 977 ποιεῖ
450 925 765 995 τελειότητα
796 926 957 994 ερύσις
978 927 1066 980 διὰ
1091 929 1289 999 τέχνης
1325 929 1717 1002 κολοϐουμένη,
1767 931 1862 984 καὶ

275 1017 368 1069 διὰ
401 1017 704 1086 περινοίας.
734 1017 1102 1088 ἀποτιθεμένη
1148 1019 1209 1072 τὸ
1255 1020 1458 1090 προσὸν
1505 1022 1639 1094 αὐτῇ
1679 1023 1863 1076 θεόθεν

277 1107 603 1175 κατὰλόγον
641 1107 1030 1180 δημιουργίας,
1072 1109 1158 1163 ἵνα
1200 1111 1274 1181 μὴ
1315 1111 1414 1178 τὴν
1457 1112 1674 1183 τέχνην,
1726 1113 1863 1166 Θεοῦ

278 1198 420 1268 πρὸς
453 1198 744 1267 βεϐαίωσιν
773 1200 1120 1273 δικαιοσύνης
1151 1204 1506 1274 ἰσχυροτέραν
1529 1207 1861 1276 εἰσάγωμεν,

274 1291 377 1343 καὶ
412 1291 512 1360 τὴν
544 1293 1008 1363 περινενοημένην
1038 1295 1137 1363 τῆς
1171 1297 1390 1362 φύσεως
1431 1295 1692 1366 ἔλλειψιν,
1733 1299 1859 1350 ἀνα-

275 1379 639 1450 πληρωτικὴν
683 1381 972 1452 ποιώμεθα
1010 1382 1107 1450 τῆς
1158 1383 1216 1436 ὲν
1241 1382 1553 1455 δικαιοσύνῃ
1595 1385 1736 1438 κατὰ
1765 1385 1864 1454 δη-

279 1469 576 1540 μιουργίαν
609 1472 902 1541 ἐλλείψεως
938 1490 953 1506 ο
992 1474 1106 1526 ἀλλ’
1138 1476 1202 1527 ὲκ
1236 1478 1336 1544 τῆς
1367 1475 1601 1542 τοπικῆς
1628 1474 1737 1545 [qu.
1772 1474 1860 1542 (r5,

272 1559 494 1631 τυπικ.]
527 1562 620 1614 τοῦ
654 1564 1119 1635 περιτεμνομένου
1147 1567 1336 1636 μορίου
1359 1566 1581 1629 θέσεως,
1601 1567 1865 1620 διδασκώ-

279 1652 422 1720 μεθα
463 1654 737 1707 ποιεῖσθαι
779 1655 1073 1726 γνωμικῶς
1120 1654 1270 1728 [ξὸίά.
1307 1657 1535 1728 γνωστ.]
1575 1657 1673 1728 τὴν
1697 1675 1858 1728 περι·

273 1744 452 1814 τομὴν
485 1746 584 1814 τῆς
607 1747 748 1799 κατὰ
784 1747 963 1818 ψυχὴν
997 1749 1276 1818 ὲμπαθοῦς
1293 1749 1585 1812 διαθέσεως
1609 1765 1623 1782 ο
1653 1751 1772 1803 καθ’
1798 1750 1863 1821 ἣν

278 1838 486 1905 μᾶλλον
502 1840 572 1908 τῇ
600 1839 759 1908 φύσει
788 1840 1100 1910 συντρέχειν
1128 1841 1161 1910 ἡ
1184 1842 1376 1910 γνώμη
1410 1839 1749 1912 ῥυθμίζεται,
1772 1841 1864 1896 τὸν

274 1927 502 1996 ἐμπαθῆ
534 1931 633 1998 τῆς
671 1931 970 1999 ἐπικτήτου
989 1931 1254 1996 γενέσεως
1285 1931 1447 2000 νόμον
1473 1931 1859 2002 διορθουμένη.

1000 385 1332 446 CAPITUM
1372 386 1797 460 QUINQUIES
1835 376 2353 449 CENTENORUM
2395 388 2782 449 CENTURIA
2823 389 2886 451 v.

353 477 466 539 μα’.
483 472 760 540 Περιτομή
777 471 890 525 ἐστι
912 475 1168 545 μυστικὴ,
1186 477 1280 544 τῆς
1296 478 1313 526 ὲ
1327 475 1574 544 μπαθοῦς
1589 477 1864 529 κατὰνοῦν
1899 487 1936 536 Α

3413 382 3545 446 13ῦ6

2039 479 2127 532 41.
2159 477 2383 549 Mystica
2416 476 2768 531 circumcisio
2799 483 2918 537 est,
2972 471 3134 542 plena
3180 485 3246 524 ac
3292 469 3543 526 absoluta

1966 568 2276 622 libidinosae.
2297 566 2498 622 mentis
2519 565 2829 632 affectionis
2850 580 2979 635 erga
3001 561 3368 618 adventitium
3387 577 3548 632 gene-

1968 661 2197 715 rationis
2224 670 2410 714 ortum
2439 658 2764 728 amputatio.
2799 656 3016 712 Scimus
3047 656 3196 711 enim
3219 653 3544 716 naturaliter

1965 754 2210 808 animum
2231 752 2397 807 rebus
2431 751 2777 813 adhibentes,
2802 749 2990 802 nonin
3020 765 3086 803 eo
3102 749 3334 817 positam
3369 745 3548 816 perfe—

1965 845 2227 908 ctionem,
2267 852 2326 896 ut
2367 844 2654 905 naturalis,
2687 857 2810 911 qua:
2837 855 2905 894 ex
2947 839 3057 893 Deo
3088 849 3176 899 est
3201 879 3214 901 ,
3257 837 3546 907 integritas

1965 930 2268 985 auferatur.
2298 930 2418 984 Non
2441 931 2588 984 enim
2610 942 2808 984 natura
2832 945 2930 998 per
2952 935 3125 983 artem
3153 928 3400 981 mutilata
3424 943 3548 995 per-

1969 1019 2265 1076 fectionem
2309 1021 2668 1087 nauciscitur,
2700 1020 3002 1090 subtilique
3045 1019 3269 1072 invento
3293 1032 3360 1070 eo
3389 1028 3545 1071 trun-

1965 1119 2105 1176 cata,
2130 1113 2278 1181 quod
2308 1129 2404 1183 per
2433 1114 2702 1169 rationem
2725 1113 3022 1168 creationis
3051 1111 3216 1182 620
3240 1109 3320 1164 illi
3343 1107 3546 1163 divini-

1967 1211 2055 1257 tus
2084 1203 2246 1270 inest,
2271 1219 2342 1259 ne
2365 1202 2673 1273 adjustitia:
2697 1203 2888 1268 robur,
2911 1211 3084 1256 artem
3111 1203 3222 1256 Deo
3258 1200 3568 1259 fortimm'

1967 1293 2318 1361 inducamus;
2359 1294 2827 1364 adinventumquc
2861 1304 3073 1348 natura:
3112 1292 3409 1354 defectum,
3444 1289 3543 1345 de-

1965 1384 2140 1439 fectus
2156 1386 2380 1456 justitia:
2397 1402 2466 1440 ex
2487 1386 2765 1442 creatione
2788 1385 3228 1454 supplementum
3252 1383 3542 1436 faciamus:

1965 1477 2061 1532 sed
2112 1493 2208 1547 per
2252 1479 2485 1532 membri
2541 1480 2660 1549 ejus
2689 1477 2835 1548 quod
2863 1474 3281 1532 ciccumciditur
3318 1473 3544 1526 localem

1967 1571 2153 1635 situm,
2179 1571 2680 1625 circumcidendam
2713 1570 2914 1624 mentis
2941 1566 3172 1623 arbitrio
3195 1565 3544 1620 libidinosam

1966 1662 2133 1716 animi
2181 1661 2528 1717 affectionem
2587 1661 2890 1726 discimus;
2945 1661 3103 1730 cujus
3165 1658 3548 1728 nmputationc

1967 1755 2316 1823 componitur
2359 1754 2592 1817 animus,
2624 1761 2684 1806 ut
2725 1751 3067 1807 emendanda
3119 1751 3343 1805 ascititii
3392 1759 3548 1804 ortus

1971 1843 2341 1913 generationis
2374 1843 2665 1897 libidinosa
2693 1844 2832 1912 lege,
2866 1858 2991 1896 cum
3020 1852 3217 1896 natura
3263 1841 3446 1911 potius
3487 1853 3550 1892 ac

1971 1933 2048 1988 illi
2081 1950 2264 1988 comes
2294 1935 2451 1989 maiit
2495 1949 2847 1989 concurrere.

353 2017 463 2087 μβ’.
497 1997 732 2072 Φυσικὸν
753 2022 786 2090 ή
811 1997 1168 2090 ἀκροϐυστία.
1204 2022 1321 2074 Πάν
1350 1997 1407 2074 δὲ
1431 1997 1679 2090 φυσικὸν,
1696 1997 1865 2085 θείας

2035 2027 2124 2080 42.
2183 2027 2516 2096 Prmputium
2577 2027 2710 2096 quid
2765 2027 3016 2082 naturale
3085 1997 3190 2081 est.
3256 2022 3544 2093 Quidquid

276 2110 446 2180 ἔργον
477 2111 845 2183 δημιουργίας
882 2115 1020 2175 ἐστὶ,
1061 2115 1154 2164 καὶ
1187 2113 1308 2168 λίαν
1363 2115 1548 2180 καλὸν,
1601 2115 1742 2168 κατά
1774 2117 1870 2183 τὴν

276 2204 600 2272 φάσκουσαν
637 2206 824 2275 φωνήν
852 2222 865 2234 ⁸
917 2206 1025 2260 Καὶ
1060 2203 1219 2260 εἶδεν
1257 2210 1290 2260 ὀ
1336 2207 1481 2272 Θεὸς
1528 2206 1726 2260 πάντα
1758 2207 1875 2260 ὅσα

273 2293 556 2360 ἐποίησε,
587 2294 688 2347 καί
727 2294 861 2349 ιδοὺ
894 2296 1052 2349 καλὰ
1084 2296 1244 2350 λίαν.
1291 2295 1348 2347 '0
1369 2295 1424 2348 δὲ
1452 2296 1613 2366 νόμος
1643 2295 1716 2357 ὼς
1740 2295 1875 2347 ἀκά-

277 2385 481 2456 θαρτον
521 2386 928 2458 περιαιρεῖσθαι
973 2387 1213 2441 κελεύων
1249 2388 1348 2458 τὴν
1383 2388 1750 2458 ἀκροϐυστίαν
1783 2387 1872 2440 διὰ

279 2479 609 2547 περιτομῆς,
636 2479 729 2532 τὸν
756 2479 889 2532 Θεὸν
927 2481 1155 2548 εἰσάγει,
1185 2479 1274 2533 διὰ
1315 2480 1516 2551 τέχνης
1557 2481 1614 2533 τὸ
1659 2481 1862 2533 οἰκεῖον

276 2567 668 2639 διορθούμενον
719 2569 910 2641 ἔργον,
950 2571 1087 2642 ὅπερ
1119 2573 1221 2624 κᾶν
1257 2573 1456 2625 ἐννοεῖν
1487 2573 1868 2624 ἀσεϐέστατον.

280 2660 496 2714 Οὐκοῦν
531 2663 560 2714 ὁ
581 2663 695 2725 τοῖς
738 2662 1029 2730 συμϐόλοις
1049 2662 1143 2714 τοῦ
1172 2664 1337 2732 νόμου
1365 2662 1612 2731 φυσικῶς
1643 2663 1870 2715 ἐπιϐάλ-

278 2758 413 2822 λων,
451 2752 591 2810 οἶδεν
611 2758 686 2820 ὡς
715 2759 776 2810 ού
813 2759 911 2828 τὴν
942 2759 1105 2826 φύσιν
1163 2760 1192 2811 ὁ
1242 2759 1373 2822 Θεὸς
1431 2755 1738 2828 διορθοῦται
1785 2756 1872 2809 διὰ

277 2847 386 2917 τῆς
421 2849 640 2918 τέχνης,
673 2849 812 2902 ἀλλά
842 2851 903 2902 τὸ
939 2849 1218 2912 ὲπιπειθὲς
1251 2849 1396 2919 λόγῳ
1428 2850 1526 2918 τῆς
1551 2847 1729 2918 ψυχῆς
1761 2865 1868 2900 πα-

278 2939 511 3010 θητικὸν
549 2939 977 3010 περιτέμνεσθαι
1025 2940 1256 3004 κελεύει,
1294 2940 1354 2992 τὸ
1383 2938 1472 2992 διὰ
1502 2937 1596 2990 τοῦ
1628 2955 1870 3008 σωματι-

277 3031 384 3083 κοῦ
421 3032 610 3101 μορίου
649 3032 898 3094 τυπικῶς
947 3032 1295 3103 δηλούμενον,
1336 3033 1470 3101 ὅπερ
1525 3030 1727 3099 γνῶσις
1780 3030 1871 3082 διὰ

281 3119 383 3188 τῆς
415 3119 555 3171 κατά
592 3118 792 3189 πρᾶξιν
838 3119 1082 3190 ἀνδρίας,
1129 3123 1223 3191 τῆς
1257 3119 1480 3190 γνώμης
1513 3116 1870 3171 ἀποτίθεσθαι

284 3211 551 3277 πέφυκεν.
600 3211 658 3262 ’0
702 3211 810 3280 γὰρ
854 3212 1201 3282 περιτέμιιων
1235 3211 1434 3280 ἱερεὺς,
1485 3208 1737 3279 σημαίνει
1771 3208 1871 3276 τὴν

283 3303 491 3368 γνῶσιν
519 3342 533 3364 ,
601 3301 700 3372 τὴν
751 3303 980 3371 ἔχουσαν
1026 3303 1278 3372 καθάπερ
1332 3301 1549 3369 σίδηρον
1588 3299 1730 3352 κατά
1776 3299 1868 3351 τοῦ

1973 2129 2154 2172 autem
2201 2129 2286 2173 est
2312 2120 2586 2184 naturale,
2611 2119 2808 2175 divinae
2857 2119 3153 2174 creationis
3177 2133 3319 2187 opus
3343 2125 3446 2178 est,
3486 2131 3548 2168 ac

1972 2211 2131 2264 valde
2160 2211 2390 2274 bonum,
2417 2210 2569 2281 juxta
2603 2227 2791 2266 vocem
2820 2226 2943 2280 qum
2986 2210 3062 2264 ait
3094 2226 3107 2264 :
3145 2209 3211 2263 Et
3253 2209 3380 2262 vidit
3411 2208 3547 2260 Dea-5

1971 2311 2161 2357 cuncta
2185 2319 2301 2372 qua:
2331 2303 2544 2372 Ῑιτεναε,
2569 2312 2615 2356 et
2642 2319 2752 2356 ecce
2778 2303 2931 2356 valde
2960 2303 3094 2356 bona
3111 2303 3176 2354 ⁸³.
3224 2301 3330 2354 Lex
3365 2307 3548 2353 autem

1973 2394 2105 2450 dum
2134 2395 2575 2450 circumcisionis
2611 2396 2718 2449 ritu
2751 2395 3083 2464 przeputium
3116 2395 3269 2448 velut
3306 2394 3546 2447 immun-

1971 2488 2101 2542 dum
2127 2486 2402 2557 amputari
2429 2486 2608 2557 jubet,
2654 2486 2825 2540 Deum
2871 2484 3172 2540 introducit
3216 2482 3352 2536 artis
3380 2497 3545 2550 Opera

1972 2594 2111 2648 Opus
2138 2595 2298 2633 suum
2316 2579 2688 2648 corrigentem
2719 2596 2731 2630 :
2759 2578 2904 2647 quod
2929 2577 3178 2647 quidem,
3196 2576 3280 2630 vel
3311 2575 3546 2644 cogitatu

1975 2670 2362 2740 impiissimum
2390 2679 2494 2726 est.
2527 2673 2630 2737 Qui
2665 2673 2832 2741 igitur
2871 2671 3008 2741 legis
3039 2668 3302 2741 symbolis
3350 2675 3546 2722 natura

1974 2759 2114 2814 duce
2147 2762 2383 2816 attendit
2411 2762 2679 2825 animum,
2714 2777 2820 2814 non
2858 2759 3150 2814 emendare
3170 2758 3343 2812 Deum
3385 2764 3547 2812 natu-

1941 2874 1943 2877 ·
1973 2867 2090 2905 ram
2119 2853 2253 2906 artis
2279 2867 2382 2921 0pc
2405 2853 2690 2923 intelligit;
2718 2851 2813 2906 sed
2842 2852 3160 2921 praecipere,
3191 2857 3250 2901 ut
3269 2845 3548 2917 patibilem

1973 2941 2141 2995 animi
2170 2941 2482 2995 facultatem
2512 2941 2711 2995 rationi
2749 2940 3147 3008 obsequentem
3181 2934 3547 2990 circumcida-

1975 3047 2116 3098 mus,
2137 3048 2255 3101 quae
2287 3031 2496 3085 scilicet
2521 3031 2824 3101 corporalis
2845 3029 3076 3084 membri
3100 3027 3272 3097 ﬁgura
3299 3025 3551 3093 designeo
3618 3100 3636 3106 η
3692 3102 3693 3105 η

1977 3134 2100 3187 tur;
2128 3139 2290 3192 quam
2319 3123 2512 3191 utique
2537 3121 2788 3185 scientia,
2818 3121 2977 3174 fortis
3010 3119 3244 3174 actionis
3265 3117 3339 3180 vi,
3366 3116 3549 3169 animo

1974 3216 2214 3286 abjicere
2244 3215 2428 3270 habet.
2458 3213 2874 3269 Circumcidens
2887 3213 3034 3266 enim
3059 3209 3334 3272 sacerdos,
3368 3208 3549 3262 scien-

1978 3309 2110 3361 tiam
2165 3305 2481 3374 signiﬁcat,
2549 3307 2699 3359 velut
2768 3305 2915 3358 ferro
2974 3303 3238 3357 adversus
3292 3302 3548 3355 affectum

285 3392 520 3458 πάθους,
552 3391 649 3461 τὴν
688 3392 781 3444 τοῦ
820 3391 980 3460 λόγου
1037 3395 1180 3446 κατὰ
1230 3393 1328 3462 τὴν
1374 3392 1573 3462 πρᾶξιν
1626 3390 1869 3459 ἀνδρίαν.

1977 3397 2284 3466 vitiumque
2309 3413 2402 3451 seu
2431 3396 2921 3465 perturbationem,
2949 3393 3073 3448 forti
3100 3393 3334 3446 actionis
3361 3390 3550 3460 vigore

299 3484 651 3550 Ἀ’ρανίζεται
690 3484 798 3554 γάρ
836 3488 867 3554 ἡ
903 3485 1000 3537 τοῦ
1078 3485 1244 3555 νόμου
1295 3485 1626 3555 παράδοσις,
1686 3483 1875 3536 πλεον-

283 3575 576 3639 εκτοῦντος
596 3576 656 3628 τὸ
685 3577 918 3648 γράμμα
946 3577 1039 3630 τοῦ
1065 3578 1388 3648 πνεύματος.

366 3674 478 3736 μγ¹.
523 3669 596 3720 Τὸ
621 3669 925 3734 Σάϐϐατον,
971 3669 1161 3723 παθῶν
1205 3673 1322 3723 ἐστι
1358 3670 1455 3723 καὶ
1483 3669 1582 3746 τεῆς
1617 3669 1748 3740 περὶ
1777 3669 1877 3740 τὴν

288 3762 460 3830 φύσιν
488 3761 600 3814 τῶν
625 3761 796 3814 ὄντων
826 3761 919 3813 τοῦ
980 3761 1072 3814 νοῦ
1118 3763 1389 3831 κινήσεως
1446 3761 1754 3824 ἀνάπαυσις
1781 3778 1795 3793 ο
1841 3761 1874 3830 ἢ

286 3851 477 3904 τελεία
514 3851 701 3903 παθῶν
729 3850 993 3922 ἀπραξία,
1026 3851 1122 3905 καὶ
1145 3852 1243 3920 τῆς
1273 3850 1398 3920 περὶ
1427 3849 1495 3902 τὰ
1528 3850 1875 3920 πεποιημένα

286 3943 556 4012 καθολικὴ
579 3941 673 3994 τοῦ
696 3942 786 3995 νοῦ
817 3943 996 3996 παύλα
1031 3942 1319 4012 κινήσεως,
1349 3942 1444 3993 καὶ
1470 3940 1607 4010 πρὸς
1630 3942 1691 3993 τὸ
1719 3941 1875 3992 Θείον

285 4030 474 4083 τελεία
527 4029 776 4093 διάϐασις
803 4045 816 4058 ·
866 4032 922 4082 ὲν
956 4024 1000 4096 ᾧ
1046 4029 1137 4080 τὸν
1163 4028 1230 4081 δι’
1270 4028 1471 4097 ἀρετῆς
1498 4028 1593 4080 καὶ
1623 4026 1876 4095 γνώσεως

287 4122 438 4175 κατά
483 4121 544 4172 τὸ
597 4119 815 4189 θεμιτὸν
865 4121 1218 4188 ἀφικόμενον,
1251 4119 1310 4171 οὐ
1351 4119 1432 4172 δεῖ
1456 4118 1710 4187 καθάπερ
1743 4118 1875 4181 ξύλα

287 4212 393 4283 τὴν
430 4211 642 4265 οίανοῦν
677 4211 960 4274 παντελῶς
993 4210 1125 4280 ὓλην
1168 4210 1469 4280 ὲξαπτικὴν
1523 4211 1874 4279 ἐνθυμεῖσθαι

284 4305 508 4366 παθῶν,
533 4303 655 4357 οὔτε
714 4305 820 4375 μὴν
874 4305 1086 4373 φύσεως
1146 4304 1474 4374 τοπαράπαν
1517 4305 1876 4372 ἀναλέγεσθαι

286 4398 509 4465 λόγους,
540 4397 626 4448 ἵνα
668 4396 742 4466 μὴ
789 4395 1022 4449 πάθεσιν
1071 4395 1352 4463 ἡδόμενον,
1400 4395 1432 4464 ἢ
1476 4394 1692 4462 φύσεως
1731 4397 1877 4466 ὅροις

292 4487 696 4557 μετρούμενον,
721 4489 864 4540 κατά
897 4487 1024 4549 τοὺς
1053 4486 1319 4556 ’Έλληνας
1341 4486 1432 4538 τὸν
1463 4487 1595 4538 Θεὸν
1623 4488 1875 4556 δογματί-

291 4581 480 4650 ζωμεν
505 4595 518 4608 °
547 4581 714 4649 ὅνπερ
745 4582 778 4650 ἡ
815 4579 996 4632 τελεία
1033 4579 1167 4649 μόνη
1203 4580 1441 4649 κέκραγε
1487 4579 1636 4650 σιγὴ,
1692 4580 1785 4633 καὶ
1834 4583 1867 4651 ἡ

288 4671 566 4740 παντελὴς
589 4673 708 4724 καθ’
739 4672 1012 4741 ὑπεροχὴν
1049 4673 1293 4736 ἀγνωσία
1339 4673 1636 4743 παρίστησι
1667 4674 1752 4742 (ί).

1980 3491 2327 3544 instructam.
2363 3491 2398 3540 Λ
2411 3487 2628 3542 boletur
2643 3486 2789 3541 enim
2812 3485 3115 3556 corporalis
3142 3483 3276 3552 legis
3301 3481 3548 3542 traditio,

1976 3597 2039 3634 ea
2075 3579 2285 3633 ratione
2317 3577 2464 3647 quod
2493 3577 2718 3646 spiritus
2747 3575 2942 3630 littera:
2966 3574 3241 3644 prmvalet.

2049 3673 2137 3726 45.
2165 3671 2483 3733 Sabbatum,
2511 3669 2804 3724 affectuum
2837 3676 2920 3722 est
2948 3683 3011 3722 ac
3035 3666 3511 3736 perturbationum
3532 3703 3548 3727 ,

1977 3773 2269 3830 motusque
2319 3760 2488 3814 animi
2544 3759 2691 3814 circa
2744 3774 2926 3812 rerum
2979 3767 3231 3811 naturam
3284 3757 3443 3825 quies
3496 3765 3552 3809 et

1975 3853 2208 3908 cessatio
2236 3870 2249 3906 :
2275 3860 2369 3906 aut
2396 3851 2692 3906 afl‘ectuum
2720 3849 3309 3920 perturbationumque
3341 3847 3551 3901 sedatio

1975 3952 2031 3998 et
2056 3943 2279 4004 inertia,
2314 3939 2753 4008 universalisquc
2780 3940 2946 3993 animi
2968 3949 3150 3993 motus
3171 3939 3319 3993 circa
3345 3953 3409 3991 ca
3435 3953 3553 4006 qum

1977 4033 2200 4089 condita
2231 4040 2380 4096 sunt,
2415 4031 2538 4086 linis
2570 4039 2735 4101 atque
2760 4031 2815 4084 in
2845 4031 3017 4085 Deum
3066 4029 3341 4100 perfectus
3371 4039 3550 4083 trans-

1977 4127 2088 4180 itus
2116 4141 2130 4178 :
2167 4125 2222 4177 in
2244 4140 2408 4194 quem
2438 4123 2534 4193 qui
2563 4124 2771 4178 virtute
2809 4138 2873 4178 ac
2897 4122 3149 4187 scientia,
3197 4121 3376 4191 quoad
3402 4121 3550 4181 licet,

1977 4215 2235 4278 evaserit,
2269 4227 2460 4270 caveat
2505 4229 2732 4270 necesse
2765 4223 2870 4279 est,
2919 4231 2987 4269 ne
3022 4223 3280 4283 tanquam
3313 4212 3457 4282 ligna
3484 4211 3550 4269 ⁵³.

1982 4309 2144 4362 ullam
2210 4322 2438 4376 prorsus
2498 4309 2785 4374 materiam
2835 4307 3019 4360 animo
3075 4304 3381 4374 concipiat,
3433 4319 3554 4372 quas

1978 4398 2267 4451 aﬂ‘cctibus
2283 4414 2347 4450 ac
2365 4397 2872 4465 perturbationibus
2892 4396 3133 4450 fomento
3162 4395 3268 4459 sit;
3296 4403 3354 4447 at
3377 4409 3554 4462 neque

1979 4491 2205 4544 omnino
2261 4498 2473 4543 natura:
2528 4489 2772 4542 rationes
2831 4489 3080 4557 colligat,
3139 4504 3206 4540 ne
3238 4486 3570 4555 Graecorum

1981 4596 2153 4644 more,
2182 4581 2375 4646 Deum,
2401 4581 2487 4634 vel
2518 4580 2810 4634 affectibus
2835 4581 3186 4649 gaudentem,
3225 4579 3313 4631 vel
3343 4585 3554 4630 natura:

1983 4673 2236 4728 terminis
2283 4689 2664 4727 commensqu
2715 4679 3050 4727 statuamus:
3095 4685 3260 4741 quem
3311 4666 3578 4738 perfecta

286 4764 473 4819 solum
500 4763 705 4816 silentii
733 4763 980 4816 clamitat
997 4763 1187 4832 religio
1209 4763 1276 4826 ⁵³,
1301 4777 1363 4816 ac
1387 4764 1546 4832 plena
1569 4764 1875 4818 secundum
1913 4764 2292 4820 excellentiam
2327 4763 2636 4835 ignorantia
2667 4771 3042 4834 repraesentat.

368 4921 415 4953 ⁵³
446 4920 581 4975 Gen.
616 4937 672 4985 ιι,
707 4920 796 4973 3i.
873 4918 920 4950 ⁵⁸⁵
954 4919 1116 4973 Num.
1153 4936 1240 4982 xv,
1275 4920 1362 4973 52.

1442 4920 1487 4950 ⁸³⁵
1522 4920 1662 4973 Psai.
1703 4937 1844 4986 wa,
1877 4923 1932 4975 2.

372 5063 441 5143 (ε.)
482 5064 617 5129 Περὶ
675 5061 790 5128 τὴν
847 5060 1224 5144 ἐπείσακτοις.
1256 5059 1518 5144 γένεςσιν.
1555 5061 1870 5142 Necessario

1982 5073 2262 5144 peccante.
2282 5062 2450 5144 .Quod
2480 5065 2556 5125 τὸ,
2575 5061 2882 5144 ,γνωμικῶς
2918 5060 3215 5144 (quomodo
3244 5059 3550 5144 faciendam

295 5133 555 5188 restituta
588 5148 690 5185 vox
725 5147 791 5185 ex
819 5147 948 5185 mss.
977 5146 1098 5200 quae
1137 5130 1304 5184 editis
1339 5130 1547 5194 deerat,
1582 5143 1637 5185 ct
1674 5133 1875 5201 repeti-

295 5216 394 5260 tur
421 5203 474 5255 in
505 5202 609 5255 fine
637 5201 856 5270 capitis.
875 5201 993 5255 Non
1014 5201 1161 5254 enim
1184 5201 1330 5254 circa
1356 5202 1569 5266 γένεσιν
1599 5203 1871 5266 absolute,

294 5276 382 5330 sic
435 5273 730 5326 libidinosa
755 5281 1008 5326 versatur
1050 5270 1250 5324 mentis
1303 5270 1556 5334 affectio,
1603 5273 1698 5326 sed
1728 5274 1874 5328 circa

294 5347 516 5413 γένεσιν
568 5343 917 5404 ἐπείσακτον,
955 5357 1078 5409 qum
1111 5357 1176 5394 ex
1210 5350 1434 5413 peccato
1465 5341 1685 5396 advenit
1711 5351 1874 5397 natu-

292 5411 398 5476 rae,
428 5423 483 5466 et
506 5429 668 5482 quam
696 5413 962 5466 Maximus
994 5427 1103 5464 non
1136 5427 1258 5482 raro
1283 5411 1533 5480 γέννησιν
1555 5420 1736 5474 vocat,
1773 5428 1874 5482 op-

296 5483 569 5555 ponitque
712 5481 1205 5555 γενέσει-συιιιείι
1229 5482 1459 5555 simplex
1489 5481 1876 5555 procreatio’et

295 5550 495 5614 brtus,‘
516 5550 694 5632 qualis
729 5568 768 5632 ra
815 5553 926 5605 Deo
949 5551 1140 5632 Adami
1173 5550 1296 5614 fuit,
1330 5551 1556 5632 nonqui
1589 5553 1875 5632 brutorum

299 5635 461 5676 more
490 5620 870 5676 commistione
903 5621 1175 5675 seminum
1222 5637 1285 5675 ac
1334 5620 1563 5676 libidine
1609 5622 1664 5675 in
1715 5623 1876 5678 nobis

301 5693 400 5756 lit;
429 5691 573 5761 quod
610 5693 810 5760 passim
857 5691 1122 5745 Maximus
1165 5699 1287 5762 post
1315 5689 1456 5761 Greg
1501 5691 1658 5762 Nyss.
1692 5706 1756 5746 ac
1778 5708 1873 5747 su-

303 5760 557 5834 periOres
619 5762 904 5831 theologos
961 5771 1121 5831 negat
1183 5760 1444 5816 futurum
1495 5760 1716 5816 hemine
1765 5779 1873 5818 ιιιιι

1979 5131 2460 5188 Circumcisioncrn
2505 5132 2811 5200 spiritalem
2853 5148 2916 5186 ac
2957 5146 3084 5184 verc
3119 5131 3231 5184 Deo
3273 5138 3551 5200 acceptam

1979 5214 2167 5258 monet
2193 5202 2479 5271 Maximus)
2509 5198 2636 5256 scite
2675 5202 2875 5255 reddit.
2919 5201 3101 5264 Picus,
3133 5217 3241 5254 non
3269 5200 3408 5271 satis
3441 5198 3554 5253 sci-

1981 5285 2120 5335 tum,
2153 5286 2228 5329 cst
2253 5270 2770 5339 animo,voluntate,
2807 5287 2869 5326 ac
2890 5271 3038 5341 quod
3091 5270 3327 5334 reddidi,
3365 5271 3553 5324 mentis

1979 5344 2198 5398 arbitrio
2215 5386 2228 5408 ,
2265 5345 2546 5412 animique
2565 5343 2855 5398 sententia.

2051 5414 2112 5483 (Γ)
2159 5415 2220 5468 Ἠ
2244 5409 2552 5479 παντελὴς
2602 5413 2727 5465 καθ’
2753 5409 3065 5483 ὑπεροχὴν
3097 5411 3365 5483 ἀγνωσία
3403 5423 3552 5476 παρ-

1979 5479 2210 5550 ίστησι.
2243 5485 2396 5538 Istud
2425 5501 2490 5538 ex
2515 5484 2755 5554 mysticae
2781 5481 3064 5554 theologia;
3089 5481 3211 5554 sinu
3239 5479 3468 5554 petitum
3487 5494 3552 5554 ac

1983 5547 2262 5625 Dionysio,
2297 5571 2407 5623 quo
2436 5547 2738 5625 eminentia
2789 5547 3038 5625 qumdam
3083 5547 3328 5604 scientiae
3352 5547 3553 5625 divini-

1985 5634 2073 5679 tus
2104 5618 2378 5680 concessm
2409 5639 2573 5692 supra
2606 5618 2902 5676 humanam
2936 5621 3268 5692 denotatur;
3303 5618 3383 5672 uti
3415 5627 3471 5692 c_t
3499 5618 3550 5670 in

1983 5710 2047 5748 eo
2098 5695 2246 5763 quod
2281 5688 2508 5749 stultum
2541 5693 2634 5764 Dei
2674 5689 3286 5764 nominatur,emine_ns_
3304 5688 3550 5764 quaedam

1984 5759 2147 5835 supra
2181 5765 2474 5819 humanam
2510 5761 2807 5833 sapimtia;
2860 5760 2940 5816 uti
2959 5761 3160 5816 Paulus
3205 5759 3374 5814 ICor.
3401 5775 3438 5821 ι,
3471 5759 3551 5810 si-
