  <div class='ocr_page' id='page_1' title='image "/cluster/home/n/w/nwhite01/storage/ocr_20150623/90/nnc1.0046980113/690.png"; bbox 0 0 4184 6436; ppageno 0'>
   <div class='ocr_carea' id='block_1_1' title="bbox 247 393 384 462">
    <p class='ocr_par' dir='ltr' id='par_1_1' title="bbox 247 393 384 462">
     <span class='ocr_line' id='line_1_1' title="bbox 247 393 384 462; baseline -0.007 0"><span class='ocrx_word' id='word_1_1' title='bbox 247 393 384 462; x_wconf 80' lang='lat' dir='ltr'><strong>i369</strong></span> 
     </span>
    </p>
   </div>
   <div class='ocr_carea' id='block_1_2' title="bbox 955 398 2824 473">
    <p class='ocr_par' dir='ltr' id='par_1_2' title="bbox 955 398 2824 473">
     <span class='ocr_line' id='line_1_2' title="bbox 955 398 2824 473; baseline 0.002 -14"><span class='ocrx_word' id='word_1_2' title='bbox 955 398 1287 460; x_wconf 81' lang='lat' dir='ltr'><strong>CAPITUM</strong></span> <span class='ocrx_word' id='word_1_3' title='bbox 1320 400 1741 473; x_wconf 79' lang='lat' dir='ltr'><strong>QUINQUIES</strong></span> <span class='ocrx_word' id='word_1_4' title='bbox 1779 401 2299 463; x_wconf 69' lang='lat' dir='ltr'><strong>CENTENORUM</strong></span> <span class='ocrx_word' id='word_1_5' title='bbox 2335 402 2718 464; x_wconf 75' lang='lat' dir='ltr'><strong>CENTURIA</strong></span> <span class='ocrx_word' id='word_1_6' title='bbox 2756 403 2824 463; x_wconf 89' lang='lat' dir='ltr'><strong>V.</strong></span> 
     </span>
    </p>
   </div>
   <div class='ocr_carea' id='block_1_3' title="bbox 3353 402 3489 469">
    <p class='ocr_par' dir='ltr' id='par_1_3' title="bbox 3353 402 3489 469">
     <span class='ocr_line' id='line_1_3' title="bbox 3353 402 3489 469; baseline 0 -1"><span class='ocrx_word' id='word_1_7' title='bbox 3353 402 3489 469; x_wconf 82' lang='lat' dir='ltr'><strong>i370</strong></span> 
     </span>
    </p>
   </div>
   <div class='ocr_carea' id='block_1_4' title="bbox 243 507 1826 587">
    <p class='ocr_par' dir='ltr' id='par_1_4' title="bbox 243 507 1815 584">
     <span class='ocr_line' id='line_1_4' title="bbox 243 507 1815 584; baseline 0.003 -24"><span class='ocrx_word' id='word_1_8' title='bbox 243 507 426 577; x_wconf 81' lang='grc' dir='ltr'>φύσις,</span> <span class='ocrx_word' id='word_1_9' title='bbox 455 510 753 580; x_wconf 69' lang='grc' dir='ltr'>ἀλλοιωτὴν</span> <span class='ocrx_word' id='word_1_10' title='bbox 778 509 889 580; x_wconf 73' lang='grc' dir='ltr'>ἔχει</span> <span class='ocrx_word' id='word_1_11' title='bbox 925 510 1024 582; x_wconf 80' lang='grc' dir='ltr'><strong>τὴν</strong></span> <span class='ocrx_word' id='word_1_12' title='bbox 1050 513 1286 582; x_wconf 87' lang='grc' dir='ltr'>κίνησιν,</span> <span class='ocrx_word' id='word_1_13' title='bbox 1316 512 1402 566; x_wconf 79' lang='grc' dir='ltr'>διὰ</span> <span class='ocrx_word' id='word_1_14' title='bbox 1432 513 1529 584; x_wconf 76' lang='grc' dir='ltr'><strong>τὴν</strong></span> <span class='ocrx_word' id='word_1_15' title='bbox 1569 513 1663 566; x_wconf 70' lang='grc' dir='ltr'>τοῦ</span> <span class='ocrx_word' id='word_1_16' title='bbox 1723 513 1815 566; x_wconf 82' lang='grc' dir='ltr'><strong>κό-</strong></span> 
     </span>
    </p>
   </div>
   <div class='ocr_carea' id='block_1_5' title="bbox 1928 507 3486 587">
    <p class='ocr_par' dir='ltr' id='par_1_5' title="bbox 1928 513 3486 587">
     <span class='ocr_line' id='line_1_5' title="bbox 1928 513 3486 587; baseline 0.003 -19"><span class='ocrx_word' id='word_1_17' title='bbox 1928 515 1988 571; x_wconf 77' lang='grc' dir='ltr'>ι·ι›</span> <span class='ocrx_word' id='word_1_18' title='bbox 2041 515 2231 568; x_wconf 91' lang='lat' dir='ltr'><strong>mundi</strong></span> <span class='ocrx_word' id='word_1_19' title='bbox 2290 515 2531 583; x_wconf 71' lang='lat' dir='ltr'><strong>quietem</strong></span> <span class='ocrx_word' id='word_1_20' title='bbox 2586 515 2819 582; x_wconf 79' lang='lat' dir='ltr'><strong>ﬁnitam,</strong></span> <span class='ocrx_word' id='word_1_21' title='bbox 2886 513 3263 587; x_wconf 82' lang='lat' dir='ltr'><strong>temporisque</strong></span> <span class='ocrx_word' id='word_1_22' title='bbox 3325 517 3486 574; x_wconf 82' lang='lat' dir='ltr'><strong>aliam</strong></span> 
     </span>
    </p>
   </div>
   <div class='ocr_carea' id='block_1_6' title="bbox 244 602 1813 675">
    <p class='ocr_par' dir='ltr' id='par_1_6' title="bbox 244 602 1813 675">
     <span class='ocr_line' id='line_1_6' title="bbox 244 602 1813 675; baseline 0.003 -24"><span class='ocrx_word' id='word_1_23' title='bbox 244 615 387 669; x_wconf 75' lang='grc' dir='ltr'>σμου</span> <span class='ocrx_word' id='word_1_24' title='bbox 409 602 835 672; x_wconf 77' lang='grc' dir='ltr'><strong>πεπερασμένην</strong></span> <span class='ocrx_word' id='word_1_25' title='bbox 873 604 1082 668; x_wconf 82' lang='grc' dir='ltr'><strong>στάσιν,</strong></span> <span class='ocrx_word' id='word_1_26' title='bbox 1107 605 1200 656; x_wconf 73' lang='grc' dir='ltr'><strong>καὶ</strong></span> <span class='ocrx_word' id='word_1_27' title='bbox 1225 604 1325 675; x_wconf 83' lang='grc' dir='ltr'>τὴν</span> <span class='ocrx_word' id='word_1_28' title='bbox 1355 605 1476 658; x_wconf 78' lang='grc' dir='ltr'>καθ’</span> <span class='ocrx_word' id='word_1_29' title='bbox 1503 605 1588 656; x_wconf 79' lang='grc' dir='ltr'>ὲτε</span> <span class='ocrx_word' id='word_1_30' title='bbox 1599 605 1813 675; x_wconf 88' lang='grc' dir='ltr'>ροίωσιν</span> 
     </span>
    </p>
   </div>
   <div class='ocr_carea' id='block_1_7' title="bbox 241 688 1817 767">
    <p class='ocr_par' dir='ltr' id='par_1_7' title="bbox 241 688 1817 767">
     <span class='ocr_line' id='line_1_7' title="bbox 241 688 1817 767; baseline 0.004 -26"><span class='ocrx_word' id='word_1_31' title='bbox 241 688 338 742; x_wconf 73' lang='grc' dir='ltr'>τοῦ</span> <span class='ocrx_word' id='word_1_32' title='bbox 367 690 559 760; x_wconf 83' lang='grc' dir='ltr'>χρόνου</span> <span class='ocrx_word' id='word_1_33' title='bbox 583 693 754 762; x_wconf 84' lang='grc' dir='ltr'>φοράν</span> <span class='ocrx_word' id='word_1_34' title='bbox 774 707 788 722; x_wconf 84' lang='lat'><strong><em>°</em></strong></span> <span class='ocrx_word' id='word_1_35' title='bbox 819 694 962 748; x_wconf 78' lang='grc' dir='ltr'>ὲνδὲ</span> <span class='ocrx_word' id='word_1_36' title='bbox 993 693 1074 765; x_wconf 85' lang='grc' dir='ltr'>τῷ</span> <span class='ocrx_word' id='word_1_37' title='bbox 1110 693 1228 766; x_wconf 85' lang='grc' dir='ltr'><strong>Θεῷ</strong></span> <span class='ocrx_word' id='word_1_38' title='bbox 1257 697 1536 767; x_wconf 83' lang='grc' dir='ltr'>γινομένη,</span> <span class='ocrx_word' id='word_1_39' title='bbox 1585 695 1671 748; x_wconf 83' lang='grc' dir='ltr'>διὰ</span> <span class='ocrx_word' id='word_1_40' title='bbox 1715 698 1817 760; x_wconf 80' lang='grc' dir='ltr'>τὴν</span> 
     </span>
    </p>
   </div>
   <div class='ocr_carea' id='block_1_8' title="bbox 243 782 1817 862">
    <p class='ocr_par' dir='ltr' id='par_1_8' title="bbox 243 782 1817 862">
     <span class='ocr_line' id='line_1_8' title="bbox 243 782 1817 862; baseline 0.003 -25"><span class='ocrx_word' id='word_1_41' title='bbox 243 785 480 857; x_wconf 83' lang='grc' dir='ltr'>φυσικὴν</span> <span class='ocrx_word' id='word_1_42' title='bbox 523 788 619 840; x_wconf 85' lang='grc' dir='ltr'>τοῦ</span> <span class='ocrx_word' id='word_1_43' title='bbox 666 791 722 840; x_wconf 79' lang='grc' dir='ltr'>ὲν</span> <span class='ocrx_word' id='word_1_44' title='bbox 761 782 804 856; x_wconf 82' lang='grc' dir='ltr'>ᾧ</span> <span class='ocrx_word' id='word_1_45' title='bbox 838 790 1030 857; x_wconf 78' lang='grc' dir='ltr'>γέγονε</span> <span class='ocrx_word' id='word_1_46' title='bbox 1075 790 1301 860; x_wconf 84' lang='grc' dir='ltr'>μονάδα,</span> <span class='ocrx_word' id='word_1_47' title='bbox 1337 792 1527 850; x_wconf 83' lang='grc' dir='ltr'>στάσιν</span> <span class='ocrx_word' id='word_1_48' title='bbox 1559 790 1817 862; x_wconf 81' lang='grc' dir='ltr'>ἀκίνητον</span> 
     </span>
    </p>
   </div>
   <div class='ocr_carea' id='block_1_9' title="bbox 242 871 1820 949">
    <p class='ocr_par' dir='ltr' id='par_1_9' title="bbox 242 871 1820 949">
     <span class='ocr_line' id='line_1_9' title="bbox 242 871 1820 949; baseline 0.004 -26"><span class='ocrx_word' id='word_1_49' title='bbox 242 871 379 936; x_wconf 74' lang='grc' dir='ltr'>ἕξει.</span> <span class='ocrx_word' id='word_1_50' title='bbox 433 875 528 928; x_wconf 75' lang='grc' dir='ltr'><strong>καὶ</strong></span> <span class='ocrx_word' id='word_1_51' title='bbox 580 877 843 945; x_wconf 79' lang='grc' dir='ltr'>στάσιμον</span> <span class='ocrx_word' id='word_1_52' title='bbox 887 878 1326 948; x_wconf 82' lang='grc' dir='ltr'>ταυτοκινησίαν,</span> <span class='ocrx_word' id='word_1_53' title='bbox 1372 879 1500 949; x_wconf 78' lang='grc' dir='ltr'>περὶ</span> <span class='ocrx_word' id='word_1_54' title='bbox 1532 877 1593 932; x_wconf 81' lang='grc' dir='ltr'>τὸ</span> <span class='ocrx_word' id='word_1_55' title='bbox 1625 876 1820 930; x_wconf 83' lang='grc' dir='ltr'>ταυτὸν</span> 
     </span>
    </p>
   </div>
   <div class='ocr_carea' id='block_1_10' title="bbox 245 966 1816 1043">
    <p class='ocr_par' dir='ltr' id='par_1_10' title="bbox 245 966 1816 1043">
     <span class='ocr_line' id='line_1_10' title="bbox 245 966 1816 1043; baseline 0.005 -27"><span class='ocrx_word' id='word_1_56' title='bbox 245 968 341 1019; x_wconf 68' lang='grc' dir='ltr'><strong>καὶ</strong></span> <span class='ocrx_word' id='word_1_57' title='bbox 389 966 448 1018; x_wconf 69' lang='grc' dir='ltr'>ἓν</span> <span class='ocrx_word' id='word_1_58' title='bbox 482 971 572 1022; x_wconf 63' lang='grc' dir='ltr'>καὶ</span> <span class='ocrx_word' id='word_1_59' title='bbox 632 970 815 1039; x_wconf 83' lang='grc' dir='ltr'>μόνον,</span> <span class='ocrx_word' id='word_1_60' title='bbox 860 971 1048 1034; x_wconf 80' lang='grc' dir='ltr'>ἁῖδίως</span> <span class='ocrx_word' id='word_1_61' title='bbox 1085 972 1400 1043; x_wconf 84' lang='grc' dir='ltr'>γινομένην,</span> <span class='ocrx_word' id='word_1_62' title='bbox 1472 975 1540 1042; x_wconf 79' lang='grc' dir='ltr'><strong>ἢν</strong></span> <span class='ocrx_word' id='word_1_63' title='bbox 1589 967 1732 1025; x_wconf 72' lang='grc' dir='ltr'>οἶδεν</span> <span class='ocrx_word' id='word_1_64' title='bbox 1786 972 1816 1023; x_wconf 83' lang='grc' dir='ltr'><strong>ὁ</strong></span> 
     </span>
    </p>
   </div>
   <div class='ocr_carea' id='block_1_11' title="bbox 243 1058 1816 1137">
    <p class='ocr_par' dir='ltr' id='par_1_11' title="bbox 243 1058 1816 1137">
     <span class='ocr_line' id='line_1_11' title="bbox 243 1058 1816 1137; baseline 0.004 -27"><span class='ocrx_word' id='word_1_65' title='bbox 243 1058 406 1127; x_wconf 85' lang='grc' dir='ltr'>λόγος</span> <span class='ocrx_word' id='word_1_66' title='bbox 439 1061 515 1131; x_wconf 82' lang='grc' dir='ltr'><strong>(Ιι)</strong></span> <span class='ocrx_word' id='word_1_67' title='bbox 555 1062 764 1134; x_wconf 74' lang='grc' dir='ltr'>άμεσον</span> <span class='ocrx_word' id='word_1_68' title='bbox 803 1059 940 1120; x_wconf 74' lang='grc' dir='ltr'>εἶναι</span> <span class='ocrx_word' id='word_1_69' title='bbox 991 1066 1124 1137; x_wconf 79' lang='grc' dir='ltr'>περὶ</span> <span class='ocrx_word' id='word_1_70' title='bbox 1154 1066 1214 1120; x_wconf 78' lang='grc' dir='ltr'>τὺ</span> <span class='ocrx_word' id='word_1_71' title='bbox 1248 1067 1462 1137; x_wconf 85' lang='grc' dir='ltr'>πρῶτον</span> <span class='ocrx_word' id='word_1_72' title='bbox 1487 1067 1680 1126; x_wconf 87' lang='grc' dir='ltr'>αίτιον,</span> <span class='ocrx_word' id='word_1_73' title='bbox 1708 1063 1816 1118; x_wconf 82' lang='grc' dir='ltr'>τῶν</span> 
     </span>
    </p>
   </div>
   <div class='ocr_carea' id='block_1_12' title="bbox 243 1148 1451 1228">
    <p class='ocr_par' dir='ltr' id='par_1_12' title="bbox 243 1148 1451 1228">
     <span class='ocr_line' id='line_1_12' title="bbox 243 1148 1451 1228; baseline 0.007 -26"><span class='ocrx_word' id='word_1_74' title='bbox 243 1148 308 1215; x_wconf 75' lang='grc' dir='ltr'><strong>ἐξ</strong></span> <span class='ocrx_word' id='word_1_75' title='bbox 334 1152 499 1206; x_wconf 84' lang='grc' dir='ltr'>αὑτοῦ</span> <span class='ocrx_word' id='word_1_76' title='bbox 527 1156 916 1226; x_wconf 77' lang='grc' dir='ltr'><strong>πεποιημένων</strong></span> <span class='ocrx_word' id='word_1_77' title='bbox 948 1157 1174 1227; x_wconf 83' lang='grc' dir='ltr'><strong>μόνιμον</strong></span> <span class='ocrx_word' id='word_1_78' title='bbox 1203 1157 1410 1228; x_wconf 73' lang='grc' dir='ltr'>ἵδρυσιν</span> <span class='ocrx_word' id='word_1_79' title='bbox 1435 1162 1451 1180; x_wconf 93' lang='grc'><strong>⁹</strong></span> 
     </span>
    </p>
   </div>
   <div class='ocr_carea' id='block_1_13' title="bbox 1917 605 3491 676">
    <p class='ocr_par' dir='ltr' id='par_1_13' title="bbox 1917 605 3491 676">
     <span class='ocr_line' id='line_1_13' title="bbox 1917 605 3491 676; baseline 0.005 -18"><span class='ocrx_word' id='word_1_80' title='bbox 1917 615 2079 674; x_wconf 87' lang='lat' dir='ltr'><strong>atque</strong></span> <span class='ocrx_word' id='word_1_81' title='bbox 2108 605 2268 659; x_wconf 86' lang='lat' dir='ltr'><strong>aliam</strong></span> <span class='ocrx_word' id='word_1_82' title='bbox 2301 605 2585 667; x_wconf 90' lang='lat' dir='ltr'><strong>lationem,</strong></span> <span class='ocrx_word' id='word_1_83' title='bbox 2637 615 2698 660; x_wconf 91' lang='lat' dir='ltr'><strong>ut</strong></span> <span class='ocrx_word' id='word_1_84' title='bbox 2741 621 2810 660; x_wconf 73' lang='lat' dir='ltr'><strong>ex</strong></span> <span class='ocrx_word' id='word_1_85' title='bbox 2848 606 2972 663; x_wconf 85' lang='lat' dir='ltr'><strong>aliis</strong></span> <span class='ocrx_word' id='word_1_86' title='bbox 3014 606 3154 661; x_wconf 86' lang='lat' dir='ltr'><strong>alias</strong></span> <span class='ocrx_word' id='word_1_87' title='bbox 3196 607 3491 676; x_wconf 72' lang='lat' dir='ltr'><strong>qualitates</strong></span> 
     </span>
    </p>
   </div>
   <div class='ocr_carea' id='block_1_14' title="bbox 1919 695 3489 768">
    <p class='ocr_par' dir='ltr' id='par_1_14' title="bbox 1919 695 3489 768">
     <span class='ocr_line' id='line_1_14' title="bbox 1919 695 3489 768; baseline 0.003 -20"><span class='ocrx_word' id='word_1_88' title='bbox 1919 695 2193 760; x_wconf 89' lang='lat' dir='ltr'><strong>immutet,</strong></span> <span class='ocrx_word' id='word_1_89' title='bbox 2234 705 2443 750; x_wconf 85' lang='lat' dir='ltr'><strong>motum</strong></span> <span class='ocrx_word' id='word_1_90' title='bbox 2481 696 2750 766; x_wconf 85' lang='lat' dir='ltr'><strong>ejusmodi</strong></span> <span class='ocrx_word' id='word_1_91' title='bbox 2801 698 2984 763; x_wconf 90' lang='lat' dir='ltr'><strong>habet,</strong></span> <span class='ocrx_word' id='word_1_92' title='bbox 3014 713 3179 768; x_wconf 84' lang='lat' dir='ltr'><strong>quem</strong></span> <span class='ocrx_word' id='word_1_93' title='bbox 3223 698 3489 754; x_wconf 61' lang='lat' dir='ltr'><strong>varianti-</strong></span> 
     </span>
    </p>
   </div>
   <div class='ocr_carea' id='block_1_15' title="bbox 1918 787 3490 858">
    <p class='ocr_par' dir='ltr' id='par_1_15' title="bbox 1918 787 3490 858">
     <span class='ocr_line' id='line_1_15' title="bbox 1918 787 3490 858; baseline 0.002 -17"><span class='ocrx_word' id='word_1_94' title='bbox 1918 787 2023 842; x_wconf 85' lang='lat' dir='ltr'><strong>bus</strong></span> <span class='ocrx_word' id='word_1_95' title='bbox 2050 788 2408 858; x_wconf 76' lang='lat' dir='ltr'><strong>qualitatibus</strong></span> <span class='ocrx_word' id='word_1_96' title='bbox 2431 802 2652 842; x_wconf 86' lang='lat' dir='ltr'><strong>sensum</strong></span> <span class='ocrx_word' id='word_1_97' title='bbox 2679 787 3070 854; x_wconf 80' lang='lat' dir='ltr'><strong>afﬁcientibus,</strong></span> <span class='ocrx_word' id='word_1_98' title='bbox 3107 789 3490 844; x_wconf 71' lang='lat' dir='ltr'><strong>alteratit‘mem</strong></span> 
     </span>
    </p>
   </div>
   <div class='ocr_carea' id='block_1_16' title="bbox 1918 879 3493 946">
    <p class='ocr_par' dir='ltr' id='par_1_16' title="bbox 1918 879 3493 946">
     <span class='ocr_line' id='line_1_16' title="bbox 1918 879 3493 946; baseline 0.002 -11"><span class='ocrx_word' id='word_1_99' title='bbox 1918 890 2134 935; x_wconf 89' lang='lat' dir='ltr'><strong>vocant.</strong></span> <span class='ocrx_word' id='word_1_100' title='bbox 2165 879 2263 936; x_wconf 87' lang='lat' dir='ltr'><strong>Ubi</strong></span> <span class='ocrx_word' id='word_1_101' title='bbox 2294 891 2476 936; x_wconf 89' lang='lat' dir='ltr'><strong>autem</strong></span> <span class='ocrx_word' id='word_1_102' title='bbox 2503 881 2556 935; x_wconf 90' lang='lat' dir='ltr'><strong>in</strong></span> <span class='ocrx_word' id='word_1_103' title='bbox 2581 881 2752 935; x_wconf 87' lang='lat' dir='ltr'><strong>Deum</strong></span> <span class='ocrx_word' id='word_1_104' title='bbox 2776 880 3135 946; x_wconf 72' lang='lat' dir='ltr'><strong>concesserit,</strong></span> <span class='ocrx_word' id='word_1_105' title='bbox 3164 881 3237 936; x_wconf 89' lang='lat' dir='ltr'><strong>ob</strong></span> <span class='ocrx_word' id='word_1_106' title='bbox 3264 892 3493 938; x_wconf 78' lang='lat' dir='ltr'><strong>natura-</strong></span> 
     </span>
    </p>
   </div>
   <div class='ocr_carea' id='block_1_17' title="bbox 1918 972 3493 1044">
    <p class='ocr_par' dir='ltr' id='par_1_17' title="bbox 1918 972 3493 1044">
     <span class='ocr_line' id='line_1_17' title="bbox 1918 972 3493 1044; baseline 0 -18"><span class='ocrx_word' id='word_1_107' title='bbox 1918 973 2025 1027; x_wconf 92' lang='lat' dir='ltr'><strong>lem</strong></span> <span class='ocrx_word' id='word_1_108' title='bbox 2057 975 2178 1044; x_wconf 87' lang='lat' dir='ltr'><strong>ejus</strong></span> <span class='ocrx_word' id='word_1_109' title='bbox 2216 973 2269 1026; x_wconf 92' lang='lat' dir='ltr'><strong>in</strong></span> <span class='ocrx_word' id='word_1_110' title='bbox 2316 989 2426 1042; x_wconf 90' lang='lat' dir='ltr'><strong>quo</strong></span> <span class='ocrx_word' id='word_1_111' title='bbox 2473 983 2578 1037; x_wconf 86' lang='lat' dir='ltr'><strong>est,</strong></span> <span class='ocrx_word' id='word_1_112' title='bbox 2614 973 2904 1037; x_wconf 88' lang='lat' dir='ltr'><strong>unitatem,</strong></span> <span class='ocrx_word' id='word_1_113' title='bbox 2941 972 3264 1041; x_wconf 82' lang='lat' dir='ltr'><strong>sempiterni</strong></span> <span class='ocrx_word' id='word_1_114' title='bbox 3307 980 3493 1026; x_wconf 82' lang='lat' dir='ltr'><strong>motus</strong></span> 
     </span>
    </p>
   </div>
   <div class='ocr_carea' id='block_1_18' title="bbox 1920 1063 3492 1135">
    <p class='ocr_par' dir='ltr' id='par_1_18' title="bbox 1920 1063 3492 1135">
     <span class='ocr_line' id='line_1_18' title="bbox 1920 1063 3492 1135; baseline 0.002 -19"><span class='ocrx_word' id='word_1_115' title='bbox 1920 1065 2158 1134; x_wconf 89' lang='lat' dir='ltr'><strong>quietem</strong></span> <span class='ocrx_word' id='word_1_116' title='bbox 2221 1064 2467 1128; x_wconf 87' lang='lat' dir='ltr'><strong>habebit,</strong></span> <span class='ocrx_word' id='word_1_117' title='bbox 2524 1064 2882 1135; x_wconf 84' lang='lat' dir='ltr'><strong>ejusdemque</strong></span> <span class='ocrx_word' id='word_1_118' title='bbox 2922 1073 3106 1120; x_wconf 84' lang='lat' dir='ltr'><strong>motus</strong></span> <span class='ocrx_word' id='word_1_119' title='bbox 3151 1063 3300 1120; x_wconf 86' lang='lat' dir='ltr'><strong>circa</strong></span> <span class='ocrx_word' id='word_1_120' title='bbox 3346 1063 3492 1119; x_wconf 87' lang='lat' dir='ltr'><strong>idem</strong></span> 
     </span>
    </p>
   </div>
   <div class='ocr_carea' id='block_1_19' title="bbox 1924 1153 3496 1226">
    <p class='ocr_par' dir='ltr' id='par_1_19' title="bbox 1924 1153 3496 1226">
     <span class='ocr_line' id='line_1_19' title="bbox 1924 1153 3496 1226; baseline 0.001 -16"><span class='ocrx_word' id='word_1_121' title='bbox 1924 1171 2204 1226; x_wconf 85' lang='lat' dir='ltr'><strong>unumque</strong></span> <span class='ocrx_word' id='word_1_122' title='bbox 2237 1170 2301 1210; x_wconf 91' lang='lat' dir='ltr'><strong>ac</strong></span> <span class='ocrx_word' id='word_1_123' title='bbox 2329 1155 2510 1210; x_wconf 89' lang='lat' dir='ltr'><strong>solum</strong></span> <span class='ocrx_word' id='word_1_124' title='bbox 2558 1153 2891 1226; x_wconf 87' lang='lat' dir='ltr'><strong>sempiterne</strong></span> <span class='ocrx_word' id='word_1_125' title='bbox 2933 1155 3210 1211; x_wconf 73' lang='lat' dir='ltr'><strong>versantia</strong></span> <span class='ocrx_word' id='word_1_126' title='bbox 3237 1165 3496 1211; x_wconf 83' lang='lat' dir='ltr'><strong>constan-</strong></span> 
     </span>
    </p>
   </div>
   <div class='ocr_carea' id='block_1_20' title="bbox 244 1244 3494 1318">
    <p class='ocr_par' dir='ltr' id='par_1_20' title="bbox 244 1244 3494 1318">
     <span class='ocr_line' id='line_1_20' title="bbox 244 1244 3494 1318; baseline 0.001 -18"><span class='ocrx_word' id='word_1_127' title='bbox 244 1245 379 1300; x_wconf 87' lang='lat' dir='ltr'><strong>tiam</strong></span> <span class='ocrx_word' id='word_1_128' title='bbox 423 1262 587 1316; x_wconf 85' lang='lat' dir='ltr'><strong>quam</strong></span> <span class='ocrx_word' id='word_1_129' title='bbox 628 1246 913 1318; x_wconf 86' lang='lat' dir='ltr'><strong>Scriptura</strong></span> <span class='ocrx_word' id='word_1_130' title='bbox 951 1247 1344 1314; x_wconf 87' lang='lat' dir='ltr'><strong>immediatam,</strong></span> <span class='ocrx_word' id='word_1_131' title='bbox 1390 1249 1536 1303; x_wconf 76' lang='lat' dir='ltr'><strong>circa</strong></span> <span class='ocrx_word' id='word_1_132' title='bbox 1586 1244 1820 1318; x_wconf 88' lang='lat' dir='ltr'><strong>primam</strong></span> <span class='ocrx_word' id='word_1_133' title='bbox 1854 1259 2098 1310; x_wconf 86' lang='lat' dir='ltr'><strong>causam,</strong></span> <span class='ocrx_word' id='word_1_134' title='bbox 2137 1260 2329 1300; x_wconf 90' lang='lat' dir='ltr'><strong>eorum</strong></span> <span class='ocrx_word' id='word_1_135' title='bbox 2359 1260 2482 1315; x_wconf 62' lang='lat' dir='ltr'><strong>quae</strong></span> <span class='ocrx_word' id='word_1_136' title='bbox 2509 1259 2577 1300; x_wconf 80' lang='lat' dir='ltr'><strong>ex</strong></span> <span class='ocrx_word' id='word_1_137' title='bbox 2601 1244 2690 1299; x_wconf 90' lang='lat' dir='ltr'><strong>illa</strong></span> <span class='ocrx_word' id='word_1_138' title='bbox 2756 1253 2906 1312; x_wconf 83' lang='lat' dir='ltr'><strong>sunt,</strong></span> <span class='ocrx_word' id='word_1_139' title='bbox 2965 1246 3218 1302; x_wconf 75' lang='lat' dir='ltr'><strong>stabilem</strong></span> <span class='ocrx_word' id='word_1_140' title='bbox 3253 1246 3494 1304; x_wconf 83' lang='lat' dir='ltr'><strong>mansio-</strong></span> 
     </span>
    </p>
   </div>
   <div class='ocr_carea' id='block_1_21' title="bbox 247 1336 1278 1406">
    <p class='ocr_par' dir='ltr' id='par_1_21' title="bbox 247 1336 1278 1406">
     <span class='ocr_line' id='line_1_21' title="bbox 247 1336 1278 1406; baseline 0.001 -17"><span class='ocrx_word' id='word_1_141' title='bbox 247 1351 376 1390; x_wconf 92' lang='lat' dir='ltr'><strong>nem</strong></span> <span class='ocrx_word' id='word_1_142' title='bbox 415 1336 712 1406; x_wconf 79' lang='lat' dir='ltr'><strong>sedemque</strong></span> <span class='ocrx_word' id='word_1_143' title='bbox 743 1352 942 1391; x_wconf 90' lang='lat' dir='ltr'><strong>vocare</strong></span> <span class='ocrx_word' id='word_1_144' title='bbox 970 1338 1278 1392; x_wconf 82' lang='lat' dir='ltr'><strong>consuevit.</strong></span> 
     </span>
    </p>
   </div>
   <div class='ocr_carea' id='block_1_22' title="bbox 321 1429 1816 1504">
    <p class='ocr_par' dir='ltr' id='par_1_22' title="bbox 321 1429 1816 1504">
     <span class='ocr_line' id='line_1_22' title="bbox 321 1429 1816 1504; baseline 0.001 -20"><span class='ocrx_word' id='word_1_145' title='bbox 321 1429 428 1500; x_wconf 81' lang='grc' dir='ltr'><strong>μθ’.</strong></span> <span class='ocrx_word' id='word_1_146' title='bbox 493 1432 808 1502; x_wconf 81' lang='grc' dir='ltr'>Μυστήριόν</span> <span class='ocrx_word' id='word_1_147' title='bbox 862 1435 978 1486; x_wconf 77' lang='grc' dir='ltr'>ἐστι</span> <span class='ocrx_word' id='word_1_148' title='bbox 1029 1433 1427 1502; x_wconf 81' lang='grc' dir='ltr'>Πεντηκοστῆς,</span> <span class='ocrx_word' id='word_1_149' title='bbox 1473 1435 1506 1503; x_wconf 81' lang='grc' dir='ltr'>ἡ</span> <span class='ocrx_word' id='word_1_150' title='bbox 1551 1433 1685 1504; x_wconf 73' lang='grc' dir='ltr'>πρὸς</span> <span class='ocrx_word' id='word_1_151' title='bbox 1722 1432 1816 1504; x_wconf 75' lang='grc' dir='ltr'>τὴν</span> 
     </span>
    </p>
   </div>
   <div class='ocr_carea' id='block_1_23' title="bbox 246 1523 1819 1602">
    <p class='ocr_par' dir='ltr' id='par_1_23' title="bbox 246 1523 1819 1602">
     <span class='ocr_line' id='line_1_23' title="bbox 246 1523 1819 1602; baseline 0.003 -27"><span class='ocrx_word' id='word_1_152' title='bbox 246 1523 514 1593; x_wconf 82' lang='grc' dir='ltr'>Πρόνοιαν</span> <span class='ocrx_word' id='word_1_153' title='bbox 528 1524 733 1594; x_wconf 75' lang='grc' dir='ltr'>ᾶμεσος</span> <span class='ocrx_word' id='word_1_154' title='bbox 766 1525 874 1578; x_wconf 85' lang='grc' dir='ltr'>τῶν</span> <span class='ocrx_word' id='word_1_155' title='bbox 899 1527 1312 1597; x_wconf 82' lang='grc' dir='ltr'><strong>προνοουμένων</strong></span> <span class='ocrx_word' id='word_1_156' title='bbox 1342 1527 1568 1590; x_wconf 79' lang='grc' dir='ltr'>ἒνωσις·</span> <span class='ocrx_word' id='word_1_157' title='bbox 1598 1528 1764 1602; x_wconf 71' lang='grc' dir='ltr'>ἤγουν</span> <span class='ocrx_word' id='word_1_158' title='bbox 1785 1528 1819 1597; x_wconf 81' lang='grc' dir='ltr'>ὴ</span> 
     </span>
    </p>
   </div>
   <div class='ocr_carea' id='block_1_24' title="bbox 247 1615 1821 1688">
    <p class='ocr_par' dir='ltr' id='par_1_24' title="bbox 247 1615 1821 1688">
     <span class='ocr_line' id='line_1_24' title="bbox 247 1615 1821 1688; baseline 0.003 -22"><span class='ocrx_word' id='word_1_159' title='bbox 247 1615 388 1686; x_wconf 85' lang='grc' dir='ltr'>πρὸς</span> <span class='ocrx_word' id='word_1_160' title='bbox 417 1615 508 1670; x_wconf 81' lang='grc' dir='ltr'><strong>τὸν</strong></span> <span class='ocrx_word' id='word_1_161' title='bbox 533 1617 689 1682; x_wconf 91' lang='grc' dir='ltr'>λόγον</span> <span class='ocrx_word' id='word_1_162' title='bbox 717 1617 859 1671; x_wconf 77' lang='grc' dir='ltr'>κατὰ</span> <span class='ocrx_word' id='word_1_163' title='bbox 887 1618 984 1687; x_wconf 74' lang='grc' dir='ltr'>τὴν</span> <span class='ocrx_word' id='word_1_164' title='bbox 1007 1619 1108 1688; x_wconf 81' lang='grc' dir='ltr'>τῆς</span> <span class='ocrx_word' id='word_1_165' title='bbox 1140 1621 1408 1688; x_wconf 84' lang='grc' dir='ltr'>Προνοίας</span> <span class='ocrx_word' id='word_1_166' title='bbox 1447 1619 1685 1673; x_wconf 83' lang='grc' dir='ltr'>ἐπίνοιαν</span> <span class='ocrx_word' id='word_1_167' title='bbox 1723 1619 1821 1686; x_wconf 79' lang='grc' dir='ltr'>τῆς</span> 
     </span>
    </p>
   </div>
   <div class='ocr_carea' id='block_1_25' title="bbox 248 1708 1823 1783">
    <p class='ocr_par' dir='ltr' id='par_1_25' title="bbox 248 1708 1823 1783">
     <span class='ocr_line' id='line_1_25' title="bbox 248 1708 1823 1783; baseline 0.002 -24"><span class='ocrx_word' id='word_1_168' title='bbox 248 1708 466 1778; x_wconf 76' lang='grc' dir='ltr'>φύσεως</span> <span class='ocrx_word' id='word_1_169' title='bbox 509 1711 724 1774; x_wconf 75' lang='grc' dir='ltr'>ἐνωσις,</span> <span class='ocrx_word' id='word_1_170' title='bbox 781 1712 901 1765; x_wconf 78' lang='grc' dir='ltr'>καθ’</span> <span class='ocrx_word' id='word_1_171' title='bbox 933 1713 1000 1783; x_wconf 75' lang='grc' dir='ltr'>ἢν</span> <span class='ocrx_word' id='word_1_172' title='bbox 1044 1713 1277 1782; x_wconf 83' lang='grc' dir='ltr'>οὐδεμία</span> <span class='ocrx_word' id='word_1_173' title='bbox 1327 1712 1652 1782; x_wconf 78' lang='grc' dir='ltr'>τοπαράπαν</span> <span class='ocrx_word' id='word_1_174' title='bbox 1705 1711 1823 1763; x_wconf 69' lang='grc' dir='ltr'>ἐστὶ</span> 
     </span>
    </p>
   </div>
   <div class='ocr_carea' id='block_1_26' title="bbox 247 1801 1825 1874">
    <p class='ocr_par' dir='ltr' id='par_1_26' title="bbox 247 1801 1825 1874">
     <span class='ocr_line' id='line_1_26' title="bbox 247 1801 1825 1874; baseline 0.003 -21"><span class='ocrx_word' id='word_1_175' title='bbox 247 1801 444 1871; x_wconf 81' lang='grc' dir='ltr'>χρόνου</span> <span class='ocrx_word' id='word_1_176' title='bbox 501 1802 596 1854; x_wconf 71' lang='grc' dir='ltr'>καὶ</span> <span class='ocrx_word' id='word_1_177' title='bbox 641 1807 908 1870; x_wconf 80' lang='grc' dir='ltr'>γενέσεως</span> <span class='ocrx_word' id='word_1_178' title='bbox 948 1804 1207 1874; x_wconf 76' lang='grc' dir='ltr'>ἔμφασις.</span> <span class='ocrx_word' id='word_1_179' title='bbox 1261 1804 1501 1872; x_wconf 81' lang='grc' dir='ltr'>Σάλπιγξ</span> <span class='ocrx_word' id='word_1_180' title='bbox 1548 1805 1603 1858; x_wconf 84' lang='grc' dir='ltr'>δὲ</span> <span class='ocrx_word' id='word_1_181' title='bbox 1664 1803 1825 1857; x_wconf 90' lang='grc' dir='ltr'>πάλιν</span> 
     </span>
    </p>
   </div>
   <div class='ocr_carea' id='block_1_27' title="bbox 249 1893 1826 1970">
    <p class='ocr_par' dir='ltr' id='par_1_27' title="bbox 249 1893 1826 1970">
     <span class='ocr_line' id='line_1_27' title="bbox 249 1893 1826 1970; baseline 0.002 -24"><span class='ocrx_word' id='word_1_182' title='bbox 249 1893 409 1963; x_wconf 74' lang='grc' dir='ltr'><strong>ἡμῶν</strong></span> <span class='ocrx_word' id='word_1_183' title='bbox 433 1895 582 1948; x_wconf 75' lang='grc' dir='ltr'>ἐστιν</span> <span class='ocrx_word' id='word_1_184' title='bbox 605 1897 632 1949; x_wconf 83' lang='grc' dir='ltr'>ὁ</span> <span class='ocrx_word' id='word_1_185' title='bbox 659 1895 836 1962; x_wconf 81' lang='grc' dir='ltr'><strong>λόγος,</strong></span> <span class='ocrx_word' id='word_1_186' title='bbox 860 1896 936 1960; x_wconf 85' lang='grc' dir='ltr'><strong>ὡς</strong></span> <span class='ocrx_word' id='word_1_187' title='bbox 963 1897 1062 1960; x_wconf 80' lang='grc' dir='ltr'><strong>τάς</strong></span> <span class='ocrx_word' id='word_1_188' title='bbox 1101 1897 1250 1960; x_wconf 78' lang='grc' dir='ltr'>θείας</span> <span class='ocrx_word' id='word_1_189' title='bbox 1279 1899 1372 1952; x_wconf 83' lang='grc' dir='ltr'><strong>καὶ</strong></span> <span class='ocrx_word' id='word_1_190' title='bbox 1394 1899 1667 1970; x_wconf 72' lang='grc' dir='ltr'>ἀρρήτους</span> <span class='ocrx_word' id='word_1_191' title='bbox 1697 1898 1826 1967; x_wconf 73' lang='grc' dir='ltr'>ἡμῖν</span> 
     </span>
    </p>
   </div>
   <div class='ocr_carea' id='block_1_28' title="bbox 250 1987 1826 2060">
    <p class='ocr_par' dir='ltr' id='par_1_28' title="bbox 250 1987 1826 2060">
     <span class='ocr_line' id='line_1_28' title="bbox 250 1987 1826 2060; baseline 0.004 -24"><span class='ocrx_word' id='word_1_192' title='bbox 250 1987 614 2057; x_wconf 77' lang='grc' dir='ltr'>ὲνηχούμενος</span> <span class='ocrx_word' id='word_1_193' title='bbox 641 1987 904 2056; x_wconf 78' lang='grc' dir='ltr'><strong>γνώσεις·</strong></span> <span class='ocrx_word' id='word_1_194' title='bbox 941 1988 1167 2059; x_wconf 83' lang='grc' dir='ltr'>ίλασμὺς</span> <span class='ocrx_word' id='word_1_195' title='bbox 1205 1990 1282 2053; x_wconf 85' lang='grc' dir='ltr'>δὲ,</span> <span class='ocrx_word' id='word_1_196' title='bbox 1325 1990 1401 2052; x_wconf 85' lang='grc' dir='ltr'>ὡς</span> <span class='ocrx_word' id='word_1_197' title='bbox 1451 1992 1508 2042; x_wconf 83' lang='grc' dir='ltr'><strong>ὲν</strong></span> <span class='ocrx_word' id='word_1_198' title='bbox 1541 1989 1718 2060; x_wconf 74' lang='grc' dir='ltr'>ἑαυτῷ</span> <span class='ocrx_word' id='word_1_199' title='bbox 1757 1989 1826 2042; x_wconf 87' lang='grc' dir='ltr'>τὰ</span> 
     </span>
    </p>
   </div>
   <div class='ocr_carea' id='block_1_29' title="bbox 249 2076 1821 2148">
    <p class='ocr_par' dir='ltr' id='par_1_29' title="bbox 249 2076 1821 2148">
     <span class='ocr_line' id='line_1_29' title="bbox 249 2076 1821 2148; baseline 0.003 -23"><span class='ocrx_word' id='word_1_200' title='bbox 249 2076 520 2147; x_wconf 63' lang='grc' dir='ltr'>ἡμέτερα,</span> <span class='ocrx_word' id='word_1_201' title='bbox 564 2078 684 2128; x_wconf 75' lang='grc' dir='ltr'>καθ’</span> <span class='ocrx_word' id='word_1_202' title='bbox 715 2080 861 2146; x_wconf 77' lang='grc' dir='ltr'>ἡμᾶς</span> <span class='ocrx_word' id='word_1_203' title='bbox 885 2079 1191 2148; x_wconf 81' lang='grc' dir='ltr'>γενόμενος,</span> <span class='ocrx_word' id='word_1_204' title='bbox 1224 2079 1454 2132; x_wconf 75' lang='grc' dir='ltr'>διαλύων</span> <span class='ocrx_word' id='word_1_205' title='bbox 1485 2079 1821 2148; x_wconf 78' lang='grc' dir='ltr'>ἐγκλήματα·</span> 
     </span>
    </p>
   </div>
   <div class='ocr_carea' id='block_1_30' title="bbox 251 2168 1822 2241">
    <p class='ocr_par' dir='ltr' id='par_1_30' title="bbox 251 2168 1822 2241">
     <span class='ocr_line' id='line_1_30' title="bbox 251 2168 1822 2241; baseline 0.003 -23"><span class='ocrx_word' id='word_1_206' title='bbox 251 2168 348 2221; x_wconf 73' lang='grc' dir='ltr'><strong>καὶ</strong></span> <span class='ocrx_word' id='word_1_207' title='bbox 369 2171 436 2238; x_wconf 83' lang='grc' dir='ltr'>τῇ</span> <span class='ocrx_word' id='word_1_208' title='bbox 467 2171 646 2240; x_wconf 84' lang='grc' dir='ltr'>δωρεᾷ</span> <span class='ocrx_word' id='word_1_209' title='bbox 674 2172 772 2239; x_wconf 84' lang='grc' dir='ltr'><strong>τῆς</strong></span> <span class='ocrx_word' id='word_1_210' title='bbox 805 2171 1026 2240; x_wconf 84' lang='grc' dir='ltr'>χάριτος</span> <span class='ocrx_word' id='word_1_211' title='bbox 1061 2172 1119 2223; x_wconf 84' lang='grc' dir='ltr'>ὲν</span> <span class='ocrx_word' id='word_1_212' title='bbox 1152 2170 1444 2240; x_wconf 85' lang='grc' dir='ltr'>πνεύματι,</span> <span class='ocrx_word' id='word_1_213' title='bbox 1500 2170 1597 2241; x_wconf 80' lang='grc' dir='ltr'><strong>τὴν</strong></span> <span class='ocrx_word' id='word_1_214' title='bbox 1641 2173 1822 2241; x_wconf 86' lang='grc' dir='ltr'>ἁμαρ-</span> 
     </span>
    </p>
   </div>
   <div class='ocr_carea' id='block_1_31' title="bbox 248 2259 1825 2332">
    <p class='ocr_par' dir='ltr' id='par_1_31' title="bbox 248 2259 1825 2332">
     <span class='ocr_line' id='line_1_31' title="bbox 248 2259 1825 2332; baseline 0.002 -21"><span class='ocrx_word' id='word_1_215' title='bbox 248 2260 497 2330; x_wconf 85' lang='grc' dir='ltr'>τήσασαν</span> <span class='ocrx_word' id='word_1_216' title='bbox 536 2259 696 2327; x_wconf 78' lang='grc' dir='ltr'>φύσιν</span> <span class='ocrx_word' id='word_1_217' title='bbox 734 2261 1031 2314; x_wconf 81' lang='grc' dir='ltr'>θεοποιῶν·</span> <span class='ocrx_word' id='word_1_218' title='bbox 1095 2262 1440 2332; x_wconf 79' lang='grc' dir='ltr'>σκηνοπηγία</span> <span class='ocrx_word' id='word_1_219' title='bbox 1481 2263 1559 2322; x_wconf 76' lang='grc' dir='ltr'><strong>δὲ,</strong></span> <span class='ocrx_word' id='word_1_220' title='bbox 1603 2263 1678 2324; x_wconf 85' lang='grc' dir='ltr'>ὡς</span> <span class='ocrx_word' id='word_1_221' title='bbox 1727 2264 1825 2332; x_wconf 75' lang='grc' dir='ltr'>τῆς</span> 
     </span>
    </p>
   </div>
   <div class='ocr_carea' id='block_1_32' title="bbox 249 2349 1827 2421">
    <p class='ocr_par' dir='ltr' id='par_1_32' title="bbox 249 2349 1827 2421">
     <span class='ocr_line' id='line_1_32' title="bbox 249 2349 1827 2421; baseline 0.001 -21"><span class='ocrx_word' id='word_1_222' title='bbox 249 2349 413 2420; x_wconf 80' lang='grc' dir='ltr'><strong>ήμῶν</strong></span> <span class='ocrx_word' id='word_1_223' title='bbox 441 2350 580 2402; x_wconf 68' lang='grc' dir='ltr'>κατὰ</span> <span class='ocrx_word' id='word_1_224' title='bbox 608 2352 707 2418; x_wconf 76' lang='grc' dir='ltr'>τὴν</span> <span class='ocrx_word' id='word_1_225' title='bbox 734 2351 1066 2421; x_wconf 83' lang='grc' dir='ltr'>οεομίμητον</span> <span class='ocrx_word' id='word_1_226' title='bbox 1095 2350 1206 2416; x_wconf 75' lang='grc' dir='ltr'>ἕξιν</span> <span class='ocrx_word' id='word_1_227' title='bbox 1231 2353 1356 2420; x_wconf 77' lang='grc' dir='ltr'>περὶ</span> <span class='ocrx_word' id='word_1_228' title='bbox 1388 2352 1448 2403; x_wconf 69' lang='grc' dir='ltr'>τὸ</span> <span class='ocrx_word' id='word_1_229' title='bbox 1478 2351 1638 2404; x_wconf 76' lang='grc' dir='ltr'>καλὸν</span> <span class='ocrx_word' id='word_1_230' title='bbox 1665 2354 1796 2420; x_wconf 85' lang='grc' dir='ltr'>ἁτρε</span> <span class='ocrx_word' id='word_1_231' title='bbox 1821 2383 1827 2388; x_wconf 94' lang='grc'><strong>-</strong></span> 
     </span>
    </p>
   </div>
   <div class='ocr_carea' id='block_1_33' title="bbox 249 2442 1826 2514">
    <p class='ocr_par' dir='ltr' id='par_1_33' title="bbox 249 2442 1826 2514">
     <span class='ocr_line' id='line_1_33' title="bbox 249 2442 1826 2514; baseline 0.001 -20"><span class='ocrx_word' id='word_1_232' title='bbox 249 2442 384 2511; x_wconf 75' lang='grc' dir='ltr'>ψίας</span> <span class='ocrx_word' id='word_1_233' title='bbox 408 2443 624 2511; x_wconf 71' lang='grc' dir='ltr'>πρᾶξις,</span> <span class='ocrx_word' id='word_1_234' title='bbox 649 2445 741 2496; x_wconf 75' lang='grc' dir='ltr'><strong>καὶ</strong></span> <span class='ocrx_word' id='word_1_235' title='bbox 769 2445 797 2495; x_wconf 88' lang='grc' dir='ltr'>ὁ</span> <span class='ocrx_word' id='word_1_236' title='bbox 818 2446 917 2512; x_wconf 68' lang='grc' dir='ltr'>τῆς</span> <span class='ocrx_word' id='word_1_237' title='bbox 941 2443 1076 2514; x_wconf 81' lang='grc' dir='ltr'>πρὸς</span> <span class='ocrx_word' id='word_1_238' title='bbox 1094 2443 1390 2497; x_wconf 75' lang='grc' dir='ltr'>ἀθανασίαν</span> <span class='ocrx_word' id='word_1_239' title='bbox 1415 2445 1826 2514; x_wconf 78' lang='grc' dir='ltr'>μεταποιήσεως</span> 
     </span>
    </p>
   </div>
   <div class='ocr_carea' id='block_1_34' title="bbox 254 2533 820 2604">
    <p class='ocr_par' dir='ltr' id='par_1_34' title="bbox 254 2533 820 2604">
     <span class='ocr_line' id='line_1_34' title="bbox 254 2533 820 2604; baseline 0 -18"><span class='ocrx_word' id='word_1_240' title='bbox 254 2533 570 2596; x_wconf 81' lang='grc' dir='ltr'>συνεκτικὺς</span> <span class='ocrx_word' id='word_1_241' title='bbox 604 2533 820 2604; x_wconf 68' lang='grc' dir='ltr'>δεσμός.</span> 
     </span>
    </p>
   </div>
   <div class='ocr_carea' id='block_1_35' title="bbox 324 2709 1826 2784">
    <p class='ocr_par' dir='ltr' id='par_1_35' title="bbox 324 2709 1826 2784">
     <span class='ocr_line' id='line_1_35' title="bbox 324 2709 1826 2784; baseline -0.006 -16"><span class='ocrx_word' id='word_1_242' title='bbox 324 2721 389 2770; x_wconf 80' lang='grc' dir='ltr'><strong>ν’.</strong></span> <span class='ocrx_word' id='word_1_243' title='bbox 431 2714 490 2767; x_wconf 81' lang='grc' dir='ltr'>Ὀ</span> <span class='ocrx_word' id='word_1_244' title='bbox 514 2714 695 2784; x_wconf 71' lang='grc' dir='ltr'>ψιλαῖς</span> <span class='ocrx_word' id='word_1_245' title='bbox 733 2715 852 2776; x_wconf 86' lang='grc' dir='ltr'>ταῖς</span> <span class='ocrx_word' id='word_1_246' title='bbox 905 2712 1153 2782; x_wconf 80' lang='grc' dir='ltr'>ὲναίμοις</span> <span class='ocrx_word' id='word_1_247' title='bbox 1200 2712 1402 2782; x_wconf 84' lang='grc' dir='ltr'>χαίρων</span> <span class='ocrx_word' id='word_1_248' title='bbox 1431 2710 1664 2775; x_wconf 82' lang='grc' dir='ltr'>ουσίαις,</span> <span class='ocrx_word' id='word_1_249' title='bbox 1699 2709 1826 2780; x_wconf 66' lang='grc' dir='ltr'>περὶ</span> 
     </span>
    </p>
   </div>
   <div class='ocr_carea' id='block_1_36' title="bbox 248 2802 1826 2876">
    <p class='ocr_par' dir='ltr' id='par_1_36' title="bbox 248 2802 1826 2876">
     <span class='ocr_line' id='line_1_36' title="bbox 248 2802 1826 2876; baseline -0.003 -18"><span class='ocrx_word' id='word_1_250' title='bbox 248 2807 322 2859; x_wconf 70' lang='grc' dir='ltr'><strong>τά</strong></span> <span class='ocrx_word' id='word_1_251' title='bbox 357 2807 503 2876; x_wconf 77' lang='grc' dir='ltr'>πάθη</span> <span class='ocrx_word' id='word_1_252' title='bbox 531 2805 848 2869; x_wconf 74' lang='grc' dir='ltr'>σπουδάζειν</span> <span class='ocrx_word' id='word_1_253' title='bbox 873 2804 948 2867; x_wconf 87' lang='grc' dir='ltr'>ὼς</span> <span class='ocrx_word' id='word_1_254' title='bbox 979 2803 1232 2873; x_wconf 78' lang='grc' dir='ltr'><strong>ἐμπαθὴς</strong></span> <span class='ocrx_word' id='word_1_255' title='bbox 1259 2802 1663 2876; x_wconf 74' lang='grc' dir='ltr'>παρασκευάζει</span> <span class='ocrx_word' id='word_1_256' title='bbox 1699 2803 1826 2864; x_wconf 83' lang='grc' dir='ltr'>τοὺς</span> 
     </span>
    </p>
   </div>
   <div class='ocr_carea' id='block_1_37' title="bbox 252 2885 1827 2965">
    <p class='ocr_par' dir='ltr' id='par_1_37' title="bbox 252 2885 1827 2965">
     <span class='ocr_line' id='line_1_37' title="bbox 252 2885 1827 2965; baseline -0.004 -15"><span class='ocrx_word' id='word_1_257' title='bbox 252 2897 507 2959; x_wconf 66' lang='grc' dir='ltr'>θύοντας.</span> <span class='ocrx_word' id='word_1_258' title='bbox 539 2895 686 2948; x_wconf 82' lang='grc' dir='ltr'><strong>Φιλεί</strong></span> <span class='ocrx_word' id='word_1_259' title='bbox 732 2895 842 2965; x_wconf 77' lang='grc' dir='ltr'>γὰρ</span> <span class='ocrx_word' id='word_1_260' title='bbox 883 2895 1096 2965; x_wconf 80' lang='grc' dir='ltr'>χαίρειν</span> <span class='ocrx_word' id='word_1_261' title='bbox 1138 2895 1198 2946; x_wconf 76' lang='grc' dir='ltr'><strong>τὸ</strong></span> <span class='ocrx_word' id='word_1_262' title='bbox 1225 2895 1466 2964; x_wconf 80' lang='grc' dir='ltr'>γνησίως</span> <span class='ocrx_word' id='word_1_263' title='bbox 1512 2892 1697 2955; x_wconf 80' lang='grc' dir='ltr'>σέϐον,</span> <span class='ocrx_word' id='word_1_264' title='bbox 1745 2885 1827 2953; x_wconf 75' lang='grc' dir='ltr'>οἷς</span> 
     </span>
    </p>
   </div>
   <div class='ocr_carea' id='block_1_38' title="bbox 250 2981 1828 3059">
    <p class='ocr_par' dir='ltr' id='par_1_38' title="bbox 250 2981 1828 3059">
     <span class='ocr_line' id='line_1_38' title="bbox 250 2981 1828 3059; baseline -0.003 -17"><span class='ocrx_word' id='word_1_265' title='bbox 250 2989 434 3059; x_wconf 79' lang='grc' dir='ltr'>χαίρει</span> <span class='ocrx_word' id='word_1_266' title='bbox 478 2991 538 3042; x_wconf 78' lang='grc' dir='ltr'><strong>τὸ</strong></span> <span class='ocrx_word' id='word_1_267' title='bbox 596 2988 1087 3056; x_wconf 72' lang='grc' dir='ltr'>προσκυνούμενον.</span> <span class='ocrx_word' id='word_1_268' title='bbox 1143 2987 1302 3040; x_wconf 85' lang='grc' dir='ltr'>Ὅθεν</span> <span class='ocrx_word' id='word_1_269' title='bbox 1364 2985 1554 3049; x_wconf 82' lang='grc' dir='ltr'>θυσίας</span> <span class='ocrx_word' id='word_1_270' title='bbox 1600 2981 1739 3038; x_wconf 76' lang='grc' dir='ltr'>οἶδεν</span> <span class='ocrx_word' id='word_1_271' title='bbox 1799 2985 1828 3037; x_wconf 83' lang='grc' dir='ltr'><strong>ὁ</strong></span> 
     </span>
    </p>
   </div>
   <div class='ocr_carea' id='block_1_39' title="bbox 1996 1432 3498 1505">
    <p class='ocr_par' dir='ltr' id='par_1_39' title="bbox 1996 1432 3498 1505">
     <span class='ocr_line' id='line_1_39' title="bbox 1996 1432 3498 1505; baseline 0.003 -19"><span class='ocrx_word' id='word_1_272' title='bbox 1996 1432 2084 1488; x_wconf 70' lang='grc'><strong>49.</strong></span> <span class='ocrx_word' id='word_1_273' title='bbox 2118 1433 2472 1489; x_wconf 85' lang='lat' dir='ltr'><strong>Pentecostes</strong></span> <span class='ocrx_word' id='word_1_274' title='bbox 2505 1433 2856 1505; x_wconf 83' lang='lat' dir='ltr'><strong>mysterium.</strong></span> <span class='ocrx_word' id='word_1_275' title='bbox 2887 1443 2972 1488; x_wconf 92' lang='lat' dir='ltr'><strong>est</strong></span> <span class='ocrx_word' id='word_1_276' title='bbox 3011 1432 3327 1490; x_wconf 85' lang='lat' dir='ltr'><strong>immediata</strong></span> <span class='ocrx_word' id='word_1_277' title='bbox 3363 1436 3498 1492; x_wconf 91' lang='lat' dir='ltr'><strong>unio</strong></span> 
     </span>
    </p>
   </div>
   <div class='ocr_carea' id='block_1_40' title="bbox 1925 1524 3494 1597">
    <p class='ocr_par' dir='ltr' id='par_1_40' title="bbox 1925 1524 3494 1597">
     <span class='ocr_line' id='line_1_40' title="bbox 1925 1524 3494 1597; baseline 0.001 -18"><span class='ocrx_word' id='word_1_278' title='bbox 1925 1539 2051 1579; x_wconf 89' lang='lat' dir='ltr'><strong>cum</strong></span> <span class='ocrx_word' id='word_1_279' title='bbox 2085 1524 2435 1580; x_wconf 76' lang='lat' dir='ltr'><strong>Providentia</strong></span> <span class='ocrx_word' id='word_1_280' title='bbox 2467 1541 2658 1581; x_wconf 90' lang='lat' dir='ltr'><strong>eorum</strong></span> <span class='ocrx_word' id='word_1_281' title='bbox 2689 1526 2783 1596; x_wconf 92' lang='lat' dir='ltr'><strong>qui</strong></span> <span class='ocrx_word' id='word_1_282' title='bbox 2810 1525 3162 1581; x_wconf 86' lang='lat' dir='ltr'><strong>Providentia</strong></span> <span class='ocrx_word' id='word_1_283' title='bbox 3193 1535 3494 1597; x_wconf 77' lang='lat' dir='ltr'><strong>reguntur;</strong></span> 
     </span>
    </p>
   </div>
   <div class='ocr_carea' id='block_1_41' title="bbox 1927 1616 3499 1682">
    <p class='ocr_par' dir='ltr' id='par_1_41' title="bbox 1927 1616 3499 1682">
     <span class='ocr_line' id='line_1_41' title="bbox 1927 1616 3499 1682; baseline -0.001 -10"><span class='ocrx_word' id='word_1_284' title='bbox 1927 1617 1980 1672; x_wconf 90' lang='lat' dir='ltr'><strong>id</strong></span> <span class='ocrx_word' id='word_1_285' title='bbox 2005 1625 2109 1681; x_wconf 86' lang='lat' dir='ltr'><strong>est,</strong></span> <span class='ocrx_word' id='word_1_286' title='bbox 2133 1626 2342 1672; x_wconf 76' lang='lat' dir='ltr'><strong>natura:</strong></span> <span class='ocrx_word' id='word_1_287' title='bbox 2365 1633 2492 1672; x_wconf 90' lang='lat' dir='ltr'><strong>cum</strong></span> <span class='ocrx_word' id='word_1_288' title='bbox 2519 1619 2754 1682; x_wconf 87' lang='lat' dir='ltr'><strong>ratione,</strong></span> <span class='ocrx_word' id='word_1_289' title='bbox 2797 1617 3100 1673; x_wconf 90' lang='lat' dir='ltr'><strong>secundum</strong></span> <span class='ocrx_word' id='word_1_290' title='bbox 3131 1616 3499 1672; x_wconf 78' lang='lat' dir='ltr'><strong>Providentia:</strong></span> 
     </span>
    </p>
   </div>
   <div class='ocr_carea' id='block_1_42' title="bbox 1927 1707 3501 1779">
    <p class='ocr_par' dir='ltr' id='par_1_42' title="bbox 1927 1707 3501 1779">
     <span class='ocr_line' id='line_1_42' title="bbox 1927 1707 3501 1779; baseline -0.001 -15"><span class='ocrx_word' id='word_1_291' title='bbox 1927 1717 2290 1778; x_wconf 90' lang='lat' dir='ltr'><strong>conceptum,</strong></span> <span class='ocrx_word' id='word_1_292' title='bbox 2351 1709 2670 1779; x_wconf 85' lang='lat' dir='ltr'><strong>copulatio;</strong></span> <span class='ocrx_word' id='word_1_293' title='bbox 2733 1709 3033 1764; x_wconf 91' lang='lat' dir='ltr'><strong>secundum</strong></span> <span class='ocrx_word' id='word_1_294' title='bbox 3113 1723 3276 1778; x_wconf 89' lang='lat' dir='ltr'><strong>quam</strong></span> <span class='ocrx_word' id='word_1_295' title='bbox 3350 1707 3501 1762; x_wconf 86' lang='lat' dir='ltr'><strong>nulla</strong></span> 
     </span>
    </p>
   </div>
   <div class='ocr_carea' id='block_1_43' title="bbox 1927 1801 3504 1872">
    <p class='ocr_par' dir='ltr' id='par_1_43' title="bbox 1927 1801 3504 1872">
     <span class='ocr_line' id='line_1_43' title="bbox 1927 1801 3504 1872; baseline 0.001 -18"><span class='ocrx_word' id='word_1_296' title='bbox 1927 1817 2155 1872; x_wconf 88' lang='lat' dir='ltr'><strong>prorsus</strong></span> <span class='ocrx_word' id='word_1_297' title='bbox 2181 1801 2466 1871; x_wconf 88' lang='lat' dir='ltr'><strong>temporis,</strong></span> <span class='ocrx_word' id='word_1_298' title='bbox 2507 1812 2776 1872; x_wconf 87' lang='lat' dir='ltr'><strong>ortusque</strong></span> <span class='ocrx_word' id='word_1_299' title='bbox 2802 1801 3174 1872; x_wconf 78' lang='lat' dir='ltr'><strong>generationis</strong></span> <span class='ocrx_word' id='word_1_300' title='bbox 3201 1809 3378 1855; x_wconf 71' lang='lat' dir='ltr'><strong>exstat</strong></span> <span class='ocrx_word' id='word_1_301' title='bbox 3416 1816 3504 1856; x_wconf 78' lang='lat' dir='ltr'><strong>ro-</strong></span> 
     </span>
    </p>
   </div>
   <div class='ocr_carea' id='block_1_44' title="bbox 1925 1893 3500 1966">
    <p class='ocr_par' dir='ltr' id='par_1_44' title="bbox 1925 1893 3500 1966">
     <span class='ocr_line' id='line_1_44' title="bbox 1925 1893 3500 1966; baseline -0.001 -19"><span class='ocrx_word' id='word_1_302' title='bbox 1925 1893 2296 1966; x_wconf 73' lang='lat' dir='ltr'><strong>praeseutatio.</strong></span> <span class='ocrx_word' id='word_1_303' title='bbox 2331 1893 2542 1948; x_wconf 80' lang='lat' dir='ltr'><strong>Rursus</strong></span> <span class='ocrx_word' id='word_1_304' title='bbox 2571 1903 2753 1948; x_wconf 90' lang='lat' dir='ltr'><strong>autem</strong></span> <span class='ocrx_word' id='word_1_305' title='bbox 2785 1894 2915 1948; x_wconf 92' lang='lat' dir='ltr'><strong>tuba</strong></span> <span class='ocrx_word' id='word_1_306' title='bbox 2950 1903 3160 1956; x_wconf 84' lang='lat' dir='ltr'><strong>nostra,</strong></span> <span class='ocrx_word' id='word_1_307' title='bbox 3192 1907 3375 1947; x_wconf 86' lang='lat' dir='ltr'><strong>sermo</strong></span> <span class='ocrx_word' id='word_1_308' title='bbox 3393 1900 3500 1953; x_wconf 82' lang='lat' dir='ltr'><strong>est.</strong></span> 
     </span>
    </p>
   </div>
   <div class='ocr_carea' id='block_1_45' title="bbox 1926 1983 3500 2053">
    <p class='ocr_par' dir='ltr' id='par_1_45' title="bbox 1926 1983 3500 2053">
     <span class='ocr_line' id='line_1_45' title="bbox 1926 1983 3500 2053; baseline 0.001 -17"><span class='ocrx_word' id='word_1_309' title='bbox 1926 1990 1990 2036; x_wconf 93' lang='lat' dir='ltr'><strong>ut</strong></span> <span class='ocrx_word' id='word_1_310' title='bbox 2013 1985 2108 2053; x_wconf 90' lang='lat' dir='ltr'><strong>qui</strong></span> <span class='ocrx_word' id='word_1_311' title='bbox 2137 1983 2354 2037; x_wconf 86' lang='lat' dir='ltr'><strong>divinus</strong></span> <span class='ocrx_word' id='word_1_312' title='bbox 2379 1993 2544 2053; x_wconf 91' lang='lat' dir='ltr'><strong>atque</strong></span> <span class='ocrx_word' id='word_1_313' title='bbox 2579 1999 2803 2048; x_wconf 79' lang='lat' dir='ltr'><strong>arcanas</strong></span> <span class='ocrx_word' id='word_1_314' title='bbox 2828 1984 2986 2038; x_wconf 90' lang='lat' dir='ltr'><strong>nobis</strong></span> <span class='ocrx_word' id='word_1_315' title='bbox 3013 1985 3274 2039; x_wconf 86' lang='lat' dir='ltr'><strong>scientias</strong></span> <span class='ocrx_word' id='word_1_316' title='bbox 3297 1998 3362 2038; x_wconf 92' lang='lat' dir='ltr'><strong>ac</strong></span> <span class='ocrx_word' id='word_1_317' title='bbox 3397 1999 3500 2038; x_wconf 85' lang='lat' dir='ltr'><strong>no-</strong></span> 
     </span>
    </p>
   </div>
   <div class='ocr_carea' id='block_1_46' title="bbox 1926 2075 3498 2145">
    <p class='ocr_par' dir='ltr' id='par_1_46' title="bbox 1926 2075 3498 2145">
     <span class='ocr_line' id='line_1_46' title="bbox 1926 2075 3498 2145; baseline 0 -17"><span class='ocrx_word' id='word_1_318' title='bbox 1926 2075 2106 2129; x_wconf 88' lang='lat' dir='ltr'><strong>tiones</strong></span> <span class='ocrx_word' id='word_1_319' title='bbox 2133 2075 2369 2129; x_wconf 87' lang='lat' dir='ltr'><strong>insonet.</strong></span> <span class='ocrx_word' id='word_1_320' title='bbox 2412 2075 2738 2145; x_wconf 85' lang='lat' dir='ltr'><strong>PrOpitiatio</strong></span> <span class='ocrx_word' id='word_1_321' title='bbox 2781 2091 2932 2139; x_wconf 80' lang='lat' dir='ltr'><strong>vero,</strong></span> <span class='ocrx_word' id='word_1_322' title='bbox 2975 2081 3034 2128; x_wconf 86' lang='lat' dir='ltr'><strong>ut</strong></span> <span class='ocrx_word' id='word_1_323' title='bbox 3068 2075 3162 2144; x_wconf 90' lang='lat' dir='ltr'><strong>qui</strong></span> <span class='ocrx_word' id='word_1_324' title='bbox 3199 2076 3254 2128; x_wconf 91' lang='lat' dir='ltr'><strong>in</strong></span> <span class='ocrx_word' id='word_1_325' title='bbox 3291 2075 3498 2144; x_wconf 83' lang='lat' dir='ltr'><strong>seipso,</strong></span> 
     </span>
    </p>
   </div>
   <div class='ocr_carea' id='block_1_47' title="bbox 1925 2166 3503 2237">
    <p class='ocr_par' dir='ltr' id='par_1_47' title="bbox 1925 2166 3503 2237">
     <span class='ocr_line' id='line_1_47' title="bbox 1925 2166 3503 2237; baseline -0.001 -16"><span class='ocrx_word' id='word_1_326' title='bbox 1925 2167 2086 2221; x_wconf 90' lang='lat' dir='ltr'><strong>nobis</strong></span> <span class='ocrx_word' id='word_1_327' title='bbox 2117 2167 2315 2224; x_wconf 65' lang='lat' dir='ltr'><strong>simidis</strong></span> <span class='ocrx_word' id='word_1_328' title='bbox 2341 2168 2541 2230; x_wconf 81' lang='lat' dir='ltr'><strong>factus,</strong></span> <span class='ocrx_word' id='word_1_329' title='bbox 2582 2176 2768 2221; x_wconf 88' lang='lat' dir='ltr'><strong>nostra</strong></span> <span class='ocrx_word' id='word_1_330' title='bbox 2807 2167 3072 2221; x_wconf 79' lang='lat' dir='ltr'><strong>dissolvat</strong></span> <span class='ocrx_word' id='word_1_331' title='bbox 3096 2166 3347 2232; x_wconf 87' lang='lat' dir='ltr'><strong>crimina,</strong></span> <span class='ocrx_word' id='word_1_332' title='bbox 3381 2183 3503 2237; x_wconf 80' lang='lat' dir='ltr'><strong>gra-</strong></span> 
     </span>
    </p>
   </div>
   <div class='ocr_carea' id='block_1_48' title="bbox 1925 2257 3500 2326">
    <p class='ocr_par' dir='ltr' id='par_1_48' title="bbox 1925 2257 3500 2326">
     <span class='ocr_line' id='line_1_48' title="bbox 1925 2257 3500 2326; baseline -0.001 -14"><span class='ocrx_word' id='word_1_333' title='bbox 1925 2260 2124 2326; x_wconf 71' lang='lat' dir='ltr'><strong>tiaeque</strong></span> <span class='ocrx_word' id='word_1_334' title='bbox 2174 2257 2319 2311; x_wconf 86' lang='lat' dir='ltr'><strong>dono</strong></span> <span class='ocrx_word' id='word_1_335' title='bbox 2367 2257 2423 2310; x_wconf 92' lang='lat' dir='ltr'><strong>in</strong></span> <span class='ocrx_word' id='word_1_336' title='bbox 2469 2257 2720 2326; x_wconf 89' lang='lat' dir='ltr'><strong>Spiritu,</strong></span> <span class='ocrx_word' id='word_1_337' title='bbox 2775 2267 3029 2310; x_wconf 91' lang='lat' dir='ltr'><strong>naturam</strong></span> <span class='ocrx_word' id='word_1_338' title='bbox 3087 2257 3296 2326; x_wconf 88' lang='lat' dir='ltr'><strong>peccati</strong></span> <span class='ocrx_word' id='word_1_339' title='bbox 3349 2271 3500 2311; x_wconf 87' lang='lat' dir='ltr'><strong>ream</strong></span> 
     </span>
    </p>
   </div>
   <div class='ocr_carea' id='block_1_49' title="bbox 1925 2345 3497 2417">
    <p class='ocr_par' dir='ltr' id='par_1_49' title="bbox 1925 2345 3497 2417">
     <span class='ocr_line' id='line_1_49' title="bbox 1925 2345 3497 2417; baseline -0.001 -15"><span class='ocrx_word' id='word_1_340' title='bbox 1925 2347 2130 2402; x_wconf 84' lang='lat' dir='ltr'><strong>deitate</strong></span> <span class='ocrx_word' id='word_1_341' title='bbox 2169 2347 2398 2401; x_wconf 85' lang='lat' dir='ltr'><strong>imbuat.</strong></span> <span class='ocrx_word' id='word_1_342' title='bbox 2440 2346 2775 2417; x_wconf 81' lang='lat' dir='ltr'><strong>Scenopegia</strong></span> <span class='ocrx_word' id='word_1_343' title='bbox 2811 2347 3068 2416; x_wconf 91' lang='lat' dir='ltr'><strong>denique,</strong></span> <span class='ocrx_word' id='word_1_344' title='bbox 3102 2356 3162 2400; x_wconf 93' lang='lat' dir='ltr'><strong>ut</strong></span> <span class='ocrx_word' id='word_1_345' title='bbox 3205 2355 3404 2401; x_wconf 65' lang='lat' dir='ltr'><strong>nostra:</strong></span> <span class='ocrx_word' id='word_1_346' title='bbox 3439 2345 3497 2400; x_wconf 92' lang='lat' dir='ltr'><strong>in</strong></span> 
     </span>
    </p>
   </div>
   <div class='ocr_carea' id='block_1_50' title="bbox 1927 2438 3503 2505">
    <p class='ocr_par' dir='ltr' id='par_1_50' title="bbox 1927 2438 3503 2505">
     <span class='ocr_line' id='line_1_50' title="bbox 1927 2438 3503 2505; baseline 0 -11"><span class='ocrx_word' id='word_1_347' title='bbox 1927 2439 2074 2494; x_wconf 91' lang='lat' dir='ltr'><strong>bono</strong></span> <span class='ocrx_word' id='word_1_348' title='bbox 2103 2439 2590 2505; x_wconf 88' lang='lat' dir='ltr'><strong>immutabilitatis,</strong></span> <span class='ocrx_word' id='word_1_349' title='bbox 2630 2439 2822 2493; x_wconf 88' lang='lat' dir='ltr'><strong>habitu</strong></span> <span class='ocrx_word' id='word_1_350' title='bbox 2855 2439 2948 2492; x_wconf 88' lang='lat' dir='ltr'><strong>Dei</strong></span> <span class='ocrx_word' id='word_1_351' title='bbox 2981 2440 3200 2500; x_wconf 67' lang='lat' dir='ltr'><strong>remulo.</strong></span> <span class='ocrx_word' id='word_1_352' title='bbox 3235 2438 3402 2504; x_wconf 80' lang='lat' dir='ltr'><strong>actio,</strong></span> <span class='ocrx_word' id='word_1_353' title='bbox 3438 2455 3503 2495; x_wconf 87' lang='lat' dir='ltr'><strong>ac</strong></span> 
     </span>
    </p>
   </div>
   <div class='ocr_carea' id='block_1_51' title="bbox 1927 2531 3504 2602">
    <p class='ocr_par' dir='ltr' id='par_1_51' title="bbox 1927 2531 3504 2602">
     <span class='ocr_line' id='line_1_51' title="bbox 1927 2531 3504 2602; baseline 0.001 -16"><span class='ocrx_word' id='word_1_354' title='bbox 1927 2547 2033 2602; x_wconf 86' lang='lat' dir='ltr'><strong>qua</strong></span> <span class='ocrx_word' id='word_1_355' title='bbox 2088 2532 2154 2586; x_wconf 91' lang='lat' dir='ltr'><strong>ad</strong></span> <span class='ocrx_word' id='word_1_356' title='bbox 2204 2531 2674 2586; x_wconf 86' lang='lat' dir='ltr'><strong>immortalitatem</strong></span> <span class='ocrx_word' id='word_1_357' title='bbox 2721 2539 3178 2595; x_wconf 89' lang='lat' dir='ltr'><strong>transmutamur,</strong></span> <span class='ocrx_word' id='word_1_358' title='bbox 3223 2531 3504 2588; x_wconf 83' lang='lat' dir='ltr'><strong>vinculum</strong></span> 
     </span>
    </p>
   </div>
   <div class='ocr_carea' id='block_1_52' title="bbox 1926 2623 2689 2680">
    <p class='ocr_par' dir='ltr' id='par_1_52' title="bbox 1926 2623 2689 2680">
     <span class='ocr_line' id='line_1_52' title="bbox 1926 2623 2689 2680; baseline -0.004 -1"><span class='ocrx_word' id='word_1_359' title='bbox 1926 2639 2266 2680; x_wconf 84' lang='lat' dir='ltr'><strong>conservans</strong></span> <span class='ocrx_word' id='word_1_360' title='bbox 2291 2638 2355 2678; x_wconf 87' lang='lat' dir='ltr'><strong>ac</strong></span> <span class='ocrx_word' id='word_1_361' title='bbox 2375 2623 2689 2678; x_wconf 91' lang='lat' dir='ltr'><strong>continens.</strong></span> 
     </span>
    </p>
   </div>
   <div class='ocr_carea' id='block_1_53' title="bbox 1999 2713 3506 2783">
    <p class='ocr_par' dir='ltr' id='par_1_53' title="bbox 1999 2713 3506 2783">
     <span class='ocr_line' id='line_1_53' title="bbox 1999 2713 3506 2783; baseline -0.001 -13"><span class='ocrx_word' id='word_1_362' title='bbox 1999 2715 2087 2770; x_wconf 79' lang='lat'><strong>50.</strong></span> <span class='ocrx_word' id='word_1_363' title='bbox 2137 2714 2240 2780; x_wconf 83' lang='lat' dir='ltr'><strong>Qui</strong></span> <span class='ocrx_word' id='word_1_364' title='bbox 2283 2713 2448 2768; x_wconf 92' lang='lat' dir='ltr'><strong>nudis</strong></span> <span class='ocrx_word' id='word_1_365' title='bbox 2493 2714 2698 2783; x_wconf 81' lang='lat' dir='ltr'><strong>gaudet</strong></span> <span class='ocrx_word' id='word_1_366' title='bbox 2743 2715 2992 2769; x_wconf 89' lang='lat' dir='ltr'><strong>cruentis</strong></span> <span class='ocrx_word' id='word_1_367' title='bbox 3038 2715 3348 2778; x_wconf 77' lang='lat' dir='ltr'><strong>sacriﬁciis,</strong></span> <span class='ocrx_word' id='word_1_368' title='bbox 3391 2724 3506 2770; x_wconf 79' lang='lat' dir='ltr'><strong>tan-</strong></span> 
     </span>
    </p>
   </div>
   <div class='ocr_carea' id='block_1_54' title="bbox 1927 2806 3509 2877">
    <p class='ocr_par' dir='ltr' id='par_1_54' title="bbox 1927 2806 3509 2877">
     <span class='ocr_line' id='line_1_54' title="bbox 1927 2806 3509 2877; baseline 0 -16"><span class='ocrx_word' id='word_1_369' title='bbox 1927 2824 2093 2877; x_wconf 84' lang='lat' dir='ltr'><strong>quam</strong></span> <span class='ocrx_word' id='word_1_370' title='bbox 2143 2807 2437 2861; x_wconf 76' lang='lat' dir='ltr'><strong>ail‘ectibus</strong></span> <span class='ocrx_word' id='word_1_371' title='bbox 2483 2806 2599 2876; x_wconf 90' lang='lat' dir='ltr'><strong>ipse</strong></span> <span class='ocrx_word' id='word_1_372' title='bbox 2643 2807 2862 2861; x_wconf 88' lang='lat' dir='ltr'><strong>deditus</strong></span> <span class='ocrx_word' id='word_1_373' title='bbox 2902 2821 2968 2860; x_wconf 92' lang='lat' dir='ltr'><strong>ac</strong></span> <span class='ocrx_word' id='word_1_374' title='bbox 3019 2808 3370 2871; x_wconf 84' lang='lat' dir='ltr'><strong>libidinosus,</strong></span> <span class='ocrx_word' id='word_1_375' title='bbox 3411 2821 3509 2861; x_wconf 87' lang='lat' dir='ltr'><strong>eos</strong></span> 
     </span>
    </p>
   </div>
   <div class='ocr_carea' id='block_1_55' title="bbox 1927 2897 3506 2968">
    <p class='ocr_par' dir='ltr' id='par_1_55' title="bbox 1927 2897 3506 2968">
     <span class='ocr_line' id='line_1_55' title="bbox 1927 2897 3506 2968; baseline -0.001 -17"><span class='ocrx_word' id='word_1_376' title='bbox 1927 2899 2021 2968; x_wconf 93' lang='lat' dir='ltr'><strong>qui</strong></span> <span class='ocrx_word' id='word_1_377' title='bbox 2066 2899 2375 2953; x_wconf 84' lang='lat' dir='ltr'><strong>sacriﬁcant</strong></span> <span class='ocrx_word' id='word_1_378' title='bbox 2429 2907 2490 2952; x_wconf 92' lang='lat' dir='ltr'><strong>ut</strong></span> <span class='ocrx_word' id='word_1_379' title='bbox 2543 2897 2832 2952; x_wconf 75' lang='lat' dir='ltr'><strong>affectibus</strong></span> <span class='ocrx_word' id='word_1_380' title='bbox 2884 2898 3300 2967; x_wconf 77' lang='lat' dir='ltr'><strong>impenduntur.</strong></span> <span class='ocrx_word' id='word_1_381' title='bbox 3351 2897 3506 2952; x_wconf 80' lang='lat' dir='ltr'><strong>facit.</strong></span> 
     </span>
    </p>
   </div>
   <div class='ocr_carea' id='block_1_56' title="bbox 1929 2989 3511 3060">
    <p class='ocr_par' dir='ltr' id='par_1_56' title="bbox 1929 2989 3511 3060">
     <span class='ocr_line' id='line_1_56' title="bbox 1929 2989 3511 3060; baseline -0.001 -16"><span class='ocrx_word' id='word_1_382' title='bbox 1929 2990 2105 3044; x_wconf 75' lang='lat' dir='ltr'><strong>Verus</strong></span> <span class='ocrx_word' id='word_1_383' title='bbox 2153 2989 2300 3045; x_wconf 90' lang='lat' dir='ltr'><strong>enim</strong></span> <span class='ocrx_word' id='word_1_384' title='bbox 2347 2989 2548 3052; x_wconf 82' lang='lat' dir='ltr'><strong>cultor,</strong></span> <span class='ocrx_word' id='word_1_385' title='bbox 2597 2989 2666 3042; x_wconf 89' lang='lat' dir='ltr'><strong>iis</strong></span> <span class='ocrx_word' id='word_1_386' title='bbox 2719 2989 2898 3043; x_wconf 91' lang='lat' dir='ltr'><strong>libens</strong></span> <span class='ocrx_word' id='word_1_387' title='bbox 2933 2989 3257 3054; x_wconf 81' lang='lat' dir='ltr'><strong>delectatur,</strong></span> <span class='ocrx_word' id='word_1_388' title='bbox 3307 2990 3511 3060; x_wconf 82' lang='lat' dir='ltr'><strong>quibus</strong></span> 
     </span>
    </p>
   </div>
   <div class='ocr_carea' id='block_1_57' title="bbox 252 3075 1826 3159">
    <p class='ocr_par' dir='ltr' id='par_1_57' title="bbox 252 3075 1826 3150">
     <span class='ocr_line' id='line_1_57' title="bbox 252 3075 1826 3150; baseline -0.004 -18"><span class='ocrx_word' id='word_1_389' title='bbox 252 3081 438 3148; x_wconf 83' lang='grc' dir='ltr'>λόγος,</span> <span class='ocrx_word' id='word_1_390' title='bbox 470 3079 566 3150; x_wconf 83' lang='grc' dir='ltr'><strong>τὴν</strong></span> <span class='ocrx_word' id='word_1_391' title='bbox 590 3079 697 3132; x_wconf 84' lang='grc' dir='ltr'><strong>τῶν</strong></span> <span class='ocrx_word' id='word_1_392' title='bbox 725 3077 911 3130; x_wconf 80' lang='grc' dir='ltr'>παῦὠν</span> <span class='ocrx_word' id='word_1_393' title='bbox 949 3076 1148 3148; x_wconf 80' lang='grc' dir='ltr'>μᾶλλον</span> <span class='ocrx_word' id='word_1_394' title='bbox 1178 3077 1411 3146; x_wconf 77' lang='grc' dir='ltr'>σφαγὴν,</span> <span class='ocrx_word' id='word_1_395' title='bbox 1446 3077 1539 3130; x_wconf 73' lang='grc' dir='ltr'>καὶ</span> <span class='ocrx_word' id='word_1_396' title='bbox 1579 3075 1678 3146; x_wconf 82' lang='grc' dir='ltr'>τὴν</span> <span class='ocrx_word' id='word_1_397' title='bbox 1721 3076 1826 3128; x_wconf 82' lang='grc' dir='ltr'>τῶν</span> 
     </span>
    </p>
   </div>
   <div class='ocr_carea' id='block_1_58' title="bbox 1928 3075 3511 3159">
    <p class='ocr_par' dir='ltr' id='par_1_58' title="bbox 1934 3081 3511 3152">
     <span class='ocr_line' id='line_1_58' title="bbox 1934 3081 3511 3152; baseline 0.001 -15"><span class='ocrx_word' id='word_1_398' title='bbox 1934 3084 2146 3137; x_wconf 84' lang='lat' dir='ltr'><strong>Numen</strong></span> <span class='ocrx_word' id='word_1_399' title='bbox 2207 3083 2410 3152; x_wconf 90' lang='lat' dir='ltr'><strong>ipsum,</strong></span> <span class='ocrx_word' id='word_1_400' title='bbox 2465 3081 2613 3151; x_wconf 91' lang='lat' dir='ltr'><strong>quod</strong></span> <span class='ocrx_word' id='word_1_401' title='bbox 2669 3081 2822 3136; x_wconf 90' lang='lat' dir='ltr'><strong>colit.</strong></span> <span class='ocrx_word' id='word_1_402' title='bbox 2883 3081 3039 3138; x_wconf 88' lang='lat' dir='ltr'><strong>Unde</strong></span> <span class='ocrx_word' id='word_1_403' title='bbox 3098 3083 3306 3136; x_wconf 88' lang='lat' dir='ltr'><strong>hostias</strong></span> <span class='ocrx_word' id='word_1_404' title='bbox 3357 3083 3511 3138; x_wconf 81' lang='lat' dir='ltr'><strong>novit</strong></span> 
     </span>
    </p>
   </div>
   <div class='ocr_carea' id='block_1_59' title="bbox 251 3161 1822 3242">
    <p class='ocr_par' dir='ltr' id='par_1_59' title="bbox 251 3161 1822 3242">
     <span class='ocr_line' id='line_1_59' title="bbox 251 3161 1822 3242; baseline -0.004 -16"><span class='ocrx_word' id='word_1_405' title='bbox 251 3171 499 3242; x_wconf 77' lang='grc' dir='ltr'>φυσικῶν</span> <span class='ocrx_word' id='word_1_406' title='bbox 526 3171 809 3240; x_wconf 79' lang='grc' dir='ltr'>δυνάμεων</span> <span class='ocrx_word' id='word_1_407' title='bbox 841 3172 1239 3240; x_wconf 70' lang='grc' dir='ltr'>προσαγωγὴν·</span> <span class='ocrx_word' id='word_1_408' title='bbox 1267 3161 1361 3232; x_wconf 82' lang='grc' dir='ltr'>ὧν,</span> <span class='ocrx_word' id='word_1_409' title='bbox 1392 3166 1486 3220; x_wconf 87' lang='grc' dir='ltr'>τοῦ</span> <span class='ocrx_word' id='word_1_410' title='bbox 1515 3166 1612 3238; x_wconf 84' lang='grc' dir='ltr'>μὲν</span> <span class='ocrx_word' id='word_1_411' title='bbox 1644 3166 1822 3233; x_wconf 82' lang='grc' dir='ltr'>λόγου,</span> 
     </span>
    </p>
   </div>
   <div class='ocr_carea' id='block_1_60' title="bbox 249 3261 1828 3334">
    <p class='ocr_par' dir='ltr' id='par_1_60' title="bbox 249 3261 1828 3334">
     <span class='ocr_line' id='line_1_60' title="bbox 249 3261 1828 3334; baseline -0.003 -15"><span class='ocrx_word' id='word_1_412' title='bbox 249 3267 422 3328; x_wconf 87' lang='grc' dir='ltr'>τύπος</span> <span class='ocrx_word' id='word_1_413' title='bbox 449 3265 594 3318; x_wconf 75' lang='grc' dir='ltr'>ἐστὶν</span> <span class='ocrx_word' id='word_1_414' title='bbox 620 3267 648 3317; x_wconf 84' lang='grc' dir='ltr'>ὁ</span> <span class='ocrx_word' id='word_1_415' title='bbox 685 3265 864 3334; x_wconf 81' lang='grc' dir='ltr'>κριός·</span> <span class='ocrx_word' id='word_1_416' title='bbox 899 3263 992 3316; x_wconf 80' lang='grc' dir='ltr'>τοῦ</span> <span class='ocrx_word' id='word_1_417' title='bbox 1025 3263 1080 3316; x_wconf 84' lang='grc' dir='ltr'><strong>δὲ</strong></span> <span class='ocrx_word' id='word_1_418' title='bbox 1111 3261 1284 3333; x_wconf 77' lang='grc' dir='ltr'>θυμοῦ</span> <span class='ocrx_word' id='word_1_419' title='bbox 1317 3263 1471 3333; x_wconf 73' lang='grc' dir='ltr'>φέρει</span> <span class='ocrx_word' id='word_1_420' title='bbox 1503 3261 1771 3330; x_wconf 77' lang='grc' dir='ltr'>σύμϐολον</span> <span class='ocrx_word' id='word_1_421' title='bbox 1800 3263 1828 3313; x_wconf 84' lang='grc' dir='ltr'>ὁ</span> 
     </span>
    </p>
   </div>
   <div class='ocr_carea' id='block_1_61' title="bbox 249 3355 1823 3427">
    <p class='ocr_par' dir='ltr' id='par_1_61' title="bbox 249 3355 1823 3427">
     <span class='ocr_line' id='line_1_61' title="bbox 249 3355 1823 3427; baseline -0.003 -17"><span class='ocrx_word' id='word_1_422' title='bbox 249 3357 483 3427; x_wconf 82' lang='grc' dir='ltr'>ταῦρος·</span> <span class='ocrx_word' id='word_1_423' title='bbox 531 3359 629 3426; x_wconf 86' lang='grc' dir='ltr'>τῆς</span> <span class='ocrx_word' id='word_1_424' title='bbox 660 3356 718 3408; x_wconf 82' lang='grc' dir='ltr'>δὲ</span> <span class='ocrx_word' id='word_1_425' title='bbox 749 3356 1069 3425; x_wconf 77' lang='grc' dir='ltr'>ἐπιθυμίας,</span> <span class='ocrx_word' id='word_1_426' title='bbox 1103 3357 1135 3426; x_wconf 82' lang='grc' dir='ltr'><strong>ἡ</strong></span> <span class='ocrx_word' id='word_1_427' title='bbox 1170 3355 1276 3422; x_wconf 74' lang='grc' dir='ltr'><strong>ιαῖξ</strong></span> <span class='ocrx_word' id='word_1_428' title='bbox 1307 3356 1539 3424; x_wconf 72' lang='grc' dir='ltr'>ὑπάρχει</span> <span class='ocrx_word' id='word_1_429' title='bbox 1572 3355 1823 3424; x_wconf 75' lang='grc' dir='ltr'>δήλωσις.</span> 
     </span>
    </p>
   </div>
   <div class='ocr_carea' id='block_1_62' title="bbox 326 3523 1824 3599">
    <p class='ocr_par' dir='ltr' id='par_1_62' title="bbox 326 3523 1824 3599">
     <span class='ocr_line' id='line_1_62' title="bbox 326 3523 1824 3599; baseline -0.003 -16"><span class='ocrx_word' id='word_1_430' title='bbox 326 3531 428 3586; x_wconf 85' lang='grc' dir='ltr'>να’.</span> <span class='ocrx_word' id='word_1_431' title='bbox 469 3530 671 3594; x_wconf 79' lang='grc' dir='ltr'>Θυσίας</span> <span class='ocrx_word' id='word_1_432' title='bbox 720 3529 1097 3599; x_wconf 73' lang='grc' dir='ltr'>πνευματικὰς</span> <span class='ocrx_word' id='word_1_433' title='bbox 1139 3523 1278 3580; x_wconf 76' lang='grc' dir='ltr'>εἶναι</span> <span class='ocrx_word' id='word_1_434' title='bbox 1333 3526 1710 3596; x_wconf 85' lang='grc' dir='ltr'>γινώσκομεν,</span> <span class='ocrx_word' id='word_1_435' title='bbox 1765 3527 1824 3578; x_wconf 69' lang='grc' dir='ltr'>οὗ</span> 
     </span>
    </p>
   </div>
   <div class='ocr_carea' id='block_1_63' title="bbox 257 3619 1825 3694">
    <p class='ocr_par' dir='ltr' id='par_1_63' title="bbox 257 3619 1825 3694">
     <span class='ocr_line' id='line_1_63' title="bbox 257 3619 1825 3694; baseline -0.004 -18"><span class='ocrx_word' id='word_1_436' title='bbox 257 3624 424 3694; x_wconf 85' lang='grc' dir='ltr'>μόνον</span> <span class='ocrx_word' id='word_1_437' title='bbox 476 3624 573 3692; x_wconf 76' lang='grc' dir='ltr'>τὴν</span> <span class='ocrx_word' id='word_1_438' title='bbox 625 3622 733 3673; x_wconf 82' lang='grc' dir='ltr'><strong>τῶν</strong></span> <span class='ocrx_word' id='word_1_439' title='bbox 776 3621 962 3673; x_wconf 80' lang='grc' dir='ltr'>παθῶν</span> <span class='ocrx_word' id='word_1_440' title='bbox 1013 3621 1278 3689; x_wconf 79' lang='grc' dir='ltr'>νέκρωσιν</span> <span class='ocrx_word' id='word_1_441' title='bbox 1315 3619 1704 3688; x_wconf 56' lang='grc' dir='ltr'>σξαττομένων</span> <span class='ocrx_word' id='word_1_442' title='bbox 1759 3621 1825 3688; x_wconf 81' lang='grc' dir='ltr'>τῇ</span> 
     </span>
    </p>
   </div>
   <div class='ocr_carea' id='block_1_64' title="bbox 254 3711 1830 3788">
    <p class='ocr_par' dir='ltr' id='par_1_64' title="bbox 254 3711 1830 3788">
     <span class='ocr_line' id='line_1_64' title="bbox 254 3711 1830 3788; baseline -0.003 -20"><span class='ocrx_word' id='word_1_443' title='bbox 254 3716 504 3788; x_wconf 71' lang='grc' dir='ltr'>μαχαίρᾳ</span> <span class='ocrx_word' id='word_1_444' title='bbox 531 3715 624 3768; x_wconf 85' lang='grc' dir='ltr'>τοῦ</span> <span class='ocrx_word' id='word_1_445' title='bbox 660 3715 986 3784; x_wconf 79' lang='grc' dir='ltr'>πνεύματος,</span> <span class='ocrx_word' id='word_1_446' title='bbox 1033 3715 1170 3783; x_wconf 82' lang='grc' dir='ltr'>ὅπερ</span> <span class='ocrx_word' id='word_1_447' title='bbox 1201 3712 1319 3764; x_wconf 78' lang='grc' dir='ltr'>ἐστὶ</span> <span class='ocrx_word' id='word_1_448' title='bbox 1357 3713 1507 3782; x_wconf 75' lang='grc' dir='ltr'>ῥῆμα</span> <span class='ocrx_word' id='word_1_449' title='bbox 1536 3711 1694 3776; x_wconf 74' lang='grc' dir='ltr'>Θεοῦ,</span> <span class='ocrx_word' id='word_1_450' title='bbox 1737 3713 1830 3763; x_wconf 76' lang='grc' dir='ltr'><strong>καὶ</strong></span> 
     </span>
    </p>
   </div>
   <div class='ocr_carea' id='block_1_65' title="bbox 253 3804 1830 3879">
    <p class='ocr_par' dir='ltr' id='par_1_65' title="bbox 253 3804 1830 3879">
     <span class='ocr_line' id='line_1_65' title="bbox 253 3804 1830 3879; baseline -0.004 -17"><span class='ocrx_word' id='word_1_451' title='bbox 253 3812 438 3879; x_wconf 79' lang='grc' dir='ltr'>πάσης</span> <span class='ocrx_word' id='word_1_452' title='bbox 490 3810 589 3878; x_wconf 84' lang='grc' dir='ltr'>τῆς</span> <span class='ocrx_word' id='word_1_453' title='bbox 624 3809 682 3861; x_wconf 84' lang='grc' dir='ltr'><strong>ὲν</strong></span> <span class='ocrx_word' id='word_1_454' title='bbox 729 3806 894 3877; x_wconf 74' lang='grc' dir='ltr'>σαρκὶ</span> <span class='ocrx_word' id='word_1_455' title='bbox 939 3805 1103 3876; x_wconf 78' lang='grc' dir='ltr'>ζωῆς,</span> <span class='ocrx_word' id='word_1_456' title='bbox 1154 3805 1228 3869; x_wconf 84' lang='grc' dir='ltr'>ὡς</span> <span class='ocrx_word' id='word_1_457' title='bbox 1269 3805 1502 3874; x_wconf 79' lang='grc' dir='ltr'>αἵματος</span> <span class='ocrx_word' id='word_1_458' title='bbox 1544 3804 1643 3873; x_wconf 84' lang='grc' dir='ltr'><strong>τὴν</strong></span> <span class='ocrx_word' id='word_1_459' title='bbox 1687 3805 1830 3856; x_wconf 75' lang='grc' dir='ltr'>κατὰ</span> 
     </span>
    </p>
   </div>
   <div class='ocr_carea' id='block_1_66' title="bbox 253 3894 1827 3970">
    <p class='ocr_par' dir='ltr' id='par_1_66' title="bbox 253 3894 1827 3970">
     <span class='ocr_line' id='line_1_66' title="bbox 253 3894 1827 3970; baseline -0.008 -14"><span class='ocrx_word' id='word_1_460' title='bbox 253 3901 518 3967; x_wconf 77' lang='grc' dir='ltr'>πρόθεσιν</span> <span class='ocrx_word' id='word_1_461' title='bbox 546 3901 761 3970; x_wconf 83' lang='grc' dir='ltr'>κίνησιν</span> <span class='ocrx_word' id='word_1_462' title='bbox 791 3902 874 3967; x_wconf 79' lang='grc' dir='ltr'><strong>(ἱ),</strong></span> <span class='ocrx_word' id='word_1_463' title='bbox 906 3898 1041 3952; x_wconf 82' lang='grc' dir='ltr'>ἀλλὰ</span> <span class='ocrx_word' id='word_1_464' title='bbox 1074 3898 1170 3950; x_wconf 71' lang='grc' dir='ltr'>καὶ</span> <span class='ocrx_word' id='word_1_465' title='bbox 1197 3896 1303 3948; x_wconf 86' lang='grc' dir='ltr'><strong>τῶν</strong></span> <span class='ocrx_word' id='word_1_466' title='bbox 1332 3895 1472 3948; x_wconf 74' lang='grc' dir='ltr'>κατὰ</span> <span class='ocrx_word' id='word_1_467' title='bbox 1512 3894 1827 3962; x_wconf 55' lang='grc' dir='ltr'>φιλοσοψίαν</span> 
     </span>
    </p>
   </div>
   <div class='ocr_carea' id='block_1_67' title="bbox 255 3987 1828 4064">
    <p class='ocr_par' dir='ltr' id='par_1_67' title="bbox 255 3987 1828 4064">
     <span class='ocr_line' id='line_1_67' title="bbox 255 3987 1828 4064; baseline -0.007 -17"><span class='ocrx_word' id='word_1_468' title='bbox 255 3994 429 4064; x_wconf 76' lang='grc' dir='ltr'>ἡϐῶν,</span> <span class='ocrx_word' id='word_1_469' title='bbox 466 3993 560 4046; x_wconf 77' lang='grc' dir='ltr'><strong>καὶ</strong></span> <span class='ocrx_word' id='word_1_470' title='bbox 599 3991 792 4045; x_wconf 84' lang='grc' dir='ltr'>πασῶν</span> <span class='ocrx_word' id='word_1_471' title='bbox 832 3989 940 4042; x_wconf 85' lang='grc' dir='ltr'>τῶν</span> <span class='ocrx_word' id='word_1_472' title='bbox 980 3989 1124 4042; x_wconf 83' lang='grc' dir='ltr'><strong>κατὰ</strong></span> <span class='ocrx_word' id='word_1_473' title='bbox 1157 3987 1318 4056; x_wconf 79' lang='grc' dir='ltr'>φύσιν</span> <span class='ocrx_word' id='word_1_474' title='bbox 1350 3987 1630 4056; x_wconf 84' lang='grc' dir='ltr'>δυνάμεων</span> <span class='ocrx_word' id='word_1_475' title='bbox 1663 4003 1828 4056; x_wconf 79' lang='grc' dir='ltr'>προσ-</span> 
     </span>
    </p>
   </div>
   <div class='ocr_carea' id='block_1_68' title="bbox 251 4079 1826 4157">
    <p class='ocr_par' dir='ltr' id='par_1_68' title="bbox 251 4079 1826 4157">
     <span class='ocr_line' id='line_1_68' title="bbox 251 4079 1826 4157; baseline -0.006 -17"><span class='ocrx_word' id='word_1_476' title='bbox 251 4086 477 4157; x_wconf 81' lang='grc' dir='ltr'>αγωγὴν</span> <span class='ocrx_word' id='word_1_477' title='bbox 497 4082 902 4154; x_wconf 78' lang='grc' dir='ltr'>άφιερουμένων</span> <span class='ocrx_word' id='word_1_478' title='bbox 921 4082 1061 4152; x_wconf 81' lang='grc' dir='ltr'>Θεῷ,</span> <span class='ocrx_word' id='word_1_479' title='bbox 1087 4081 1180 4134; x_wconf 76' lang='grc' dir='ltr'>καὶ</span> <span class='ocrx_word' id='word_1_480' title='bbox 1201 4080 1278 4150; x_wconf 82' lang='grc' dir='ltr'>τῷ</span> <span class='ocrx_word' id='word_1_481' title='bbox 1305 4079 1437 4150; x_wconf 77' lang='grc' dir='ltr'>πυρὶ</span> <span class='ocrx_word' id='word_1_482' title='bbox 1462 4080 1561 4147; x_wconf 79' lang='grc' dir='ltr'>τῆς</span> <span class='ocrx_word' id='word_1_483' title='bbox 1584 4079 1640 4130; x_wconf 82' lang='grc' dir='ltr'>ὲν</span> <span class='ocrx_word' id='word_1_484' title='bbox 1664 4079 1826 4131; x_wconf 81' lang='grc' dir='ltr'>[ινεύ-</span> 
     </span>
    </p>
   </div>
   <div class='ocr_carea' id='block_1_69' title="bbox 256 4170 1829 4250">
    <p class='ocr_par' dir='ltr' id='par_1_69' title="bbox 256 4170 1829 4250">
     <span class='ocr_line' id='line_1_69' title="bbox 256 4170 1829 4250; baseline -0.006 -18"><span class='ocrx_word' id='word_1_485' title='bbox 256 4197 391 4250; x_wconf 88' lang='grc' dir='ltr'>ματι</span> <span class='ocrx_word' id='word_1_486' title='bbox 453 4181 674 4249; x_wconf 85' lang='grc' dir='ltr'>χάριτος</span> <span class='ocrx_word' id='word_1_487' title='bbox 723 4177 860 4248; x_wconf 77' lang='grc' dir='ltr'>πρὸς</span> <span class='ocrx_word' id='word_1_488' title='bbox 908 4175 1006 4244; x_wconf 80' lang='grc' dir='ltr'>τὴν</span> <span class='ocrx_word' id='word_1_489' title='bbox 1071 4173 1222 4226; x_wconf 79' lang='grc' dir='ltr'>Θείαν</span> <span class='ocrx_word' id='word_1_490' title='bbox 1289 4171 1443 4241; x_wconf 77' lang='grc' dir='ltr'>λῆξιν</span> <span class='ocrx_word' id='word_1_491' title='bbox 1505 4170 1829 4224; x_wconf 80' lang='grc' dir='ltr'>ὁλοκαυτου-</span> 
     </span>
    </p>
   </div>
   <div class='ocr_carea' id='block_1_70' title="bbox 255 4270 558 4340">
    <p class='ocr_par' dir='ltr' id='par_1_70' title="bbox 255 4270 558 4340">
     <span class='ocr_line' id='line_1_70' title="bbox 255 4270 558 4340; baseline -0.003 -18"><span class='ocrx_word' id='word_1_492' title='bbox 255 4271 439 4340; x_wconf 85' lang='grc' dir='ltr'>μένων</span> <span class='ocrx_word' id='word_1_493' title='bbox 473 4270 558 4339; x_wconf 81' lang='lat' dir='ltr'><strong>(j).</strong></span> 
     </span>
    </p>
   </div>
   <div class='ocr_carea' id='block_1_71' title="bbox 330 4408 839 4479">
    <p class='ocr_par' dir='ltr' id='par_1_71' title="bbox 330 4408 839 4479">
     <span class='ocr_line' id='line_1_71' title="bbox 330 4408 839 4479; baseline -0.014 -13"><span class='ocrx_word' id='word_1_494' title='bbox 330 4413 376 4444; x_wconf 84' lang='grc'>⁸⁷</span> <span class='ocrx_word' id='word_1_495' title='bbox 412 4411 610 4479; x_wconf 83' lang='lat' dir='ltr'><strong>Ephes.</strong></span> <span class='ocrx_word' id='word_1_496' title='bbox 645 4423 720 4472; x_wconf 85' lang='lat' dir='ltr'><strong>vl,</strong></span> <span class='ocrx_word' id='word_1_497' title='bbox 754 4408 839 4460; x_wconf 72' lang='lat' dir='ltr'><strong>i7.</strong></span> 
     </span>
    </p>
   </div>
   <div class='ocr_carea' id='block_1_72' title="bbox 339 4543 1268 4618">
    <p class='ocr_par' dir='ltr' id='par_1_72' title="bbox 339 4543 1268 4618">
     <span class='ocr_line' id='line_1_72' title="bbox 339 4543 1268 4618; baseline -0.005 -16"><span class='ocrx_word' id='word_1_498' title='bbox 339 4548 591 4618; x_wconf 79' lang='lat' dir='ltr'><strong>‘Dionys.</strong></span> <span class='ocrx_word' id='word_1_499' title='bbox 626 4545 701 4599; x_wconf 86' lang='lat' dir='ltr'><strong>De</strong></span> <span class='ocrx_word' id='word_1_500' title='bbox 728 4543 920 4600; x_wconf 69' lang='lat' dir='ltr'><strong>caelesti</strong></span> <span class='ocrx_word' id='word_1_501' title='bbox 945 4545 1268 4600; x_wconf 81' lang='lat' dir='ltr'><strong>hicrarchia.</strong></span> 
     </span>
    </p>
   </div>
   <div class='ocr_carea' id='block_1_73' title="bbox 1935 3173 3509 3244">
    <p class='ocr_par' dir='ltr' id='par_1_73' title="bbox 1935 3173 3509 3244">
     <span class='ocr_line' id='line_1_73' title="bbox 1935 3173 3509 3244; baseline 0.001 -17"><span class='ocrx_word' id='word_1_502' title='bbox 1935 3174 2239 3243; x_wconf 84' lang='lat' dir='ltr'><strong>Scriptura,</strong></span> <span class='ocrx_word' id='word_1_503' title='bbox 2285 3175 2583 3228; x_wconf 68' lang='lat' dir='ltr'><strong>aliectuum</strong></span> <span class='ocrx_word' id='word_1_504' title='bbox 2623 3175 2810 3244; x_wconf 87' lang='lat' dir='ltr'><strong>potius</strong></span> <span class='ocrx_word' id='word_1_505' title='bbox 2845 3173 3244 3244; x_wconf 82' lang='lat' dir='ltr'><strong>jugulationem</strong></span> <span class='ocrx_word' id='word_1_506' title='bbox 3286 3182 3509 3228; x_wconf 80' lang='lat' dir='ltr'><strong>natura-</strong></span> 
     </span>
    </p>
   </div>
   <div class='ocr_carea' id='block_1_74' title="bbox 1932 3260 3509 3330">
    <p class='ocr_par' dir='ltr' id='par_1_74' title="bbox 1932 3260 3509 3330">
     <span class='ocr_line' id='line_1_74' title="bbox 1932 3260 3509 3330; baseline 0.002 -16"><span class='ocrx_word' id='word_1_507' title='bbox 1932 3261 2180 3330; x_wconf 91' lang='lat' dir='ltr'><strong>liumque</strong></span> <span class='ocrx_word' id='word_1_508' title='bbox 2249 3261 2450 3314; x_wconf 90' lang='lat' dir='ltr'><strong>virium</strong></span> <span class='ocrx_word' id='word_1_509' title='bbox 2512 3260 2884 3325; x_wconf 88' lang='lat' dir='ltr'><strong>oblationem;</strong></span> <span class='ocrx_word' id='word_1_510' title='bbox 2943 3276 3210 3329; x_wconf 87' lang='lat' dir='ltr'><strong>quarum,</strong></span> <span class='ocrx_word' id='word_1_511' title='bbox 3282 3261 3509 3317; x_wconf 82' lang='lat' dir='ltr'><strong>rationis</strong></span> 
     </span>
    </p>
   </div>
   <div class='ocr_carea' id='block_1_75' title="bbox 1934 3350 3510 3422">
    <p class='ocr_par' dir='ltr' id='par_1_75' title="bbox 1934 3350 3510 3422">
     <span class='ocr_line' id='line_1_75' title="bbox 1934 3350 3510 3422; baseline 0.001 -18"><span class='ocrx_word' id='word_1_512' title='bbox 1934 3350 2158 3419; x_wconf 90' lang='lat' dir='ltr'><strong>quidem</strong></span> <span class='ocrx_word' id='word_1_513' title='bbox 2203 3351 2396 3420; x_wconf 76' lang='lat' dir='ltr'><strong>figura,</strong></span> <span class='ocrx_word' id='word_1_514' title='bbox 2427 3351 2608 3416; x_wconf 88' lang='lat' dir='ltr'><strong>aries;</strong></span> <span class='ocrx_word' id='word_1_515' title='bbox 2642 3351 2735 3405; x_wconf 70' lang='lat' dir='ltr'><strong>ira:</strong></span> <span class='ocrx_word' id='word_1_516' title='bbox 2784 3350 3115 3421; x_wconf 79' lang='lat' dir='ltr'><strong>symbolum,</strong></span> <span class='ocrx_word' id='word_1_517' title='bbox 3153 3361 3344 3406; x_wconf 89' lang='lat' dir='ltr'><strong>taurus</strong></span> <span class='ocrx_word' id='word_1_518' title='bbox 3368 3367 3510 3422; x_wconf 77' lang='lat' dir='ltr'><strong>pra:-</strong></span> 
     </span>
    </p>
   </div>
   <div class='ocr_carea' id='block_1_76' title="bbox 1933 3442 3094 3514">
    <p class='ocr_par' dir='ltr' id='par_1_76' title="bbox 1933 3442 3094 3514">
     <span class='ocr_line' id='line_1_76' title="bbox 1933 3442 3094 3514; baseline -0.001 -17"><span class='ocrx_word' id='word_1_519' title='bbox 1933 3443 2072 3506; x_wconf 81' lang='lat' dir='ltr'><strong>fcrt;</strong></span> <span class='ocrx_word' id='word_1_520' title='bbox 2109 3443 2451 3512; x_wconf 81' lang='lat' dir='ltr'><strong>cupiditatis,</strong></span> <span class='ocrx_word' id='word_1_521' title='bbox 2475 3458 2640 3512; x_wconf 91' lang='lat' dir='ltr'><strong>capra</strong></span> <span class='ocrx_word' id='word_1_522' title='bbox 2663 3442 2968 3514; x_wconf 88' lang='lat' dir='ltr'><strong>symbolum</strong></span> <span class='ocrx_word' id='word_1_523' title='bbox 2989 3452 3094 3496; x_wconf 85' lang='lat' dir='ltr'><strong>est.</strong></span> 
     </span>
    </p>
   </div>
   <div class='ocr_carea' id='block_1_77' title="bbox 2002 3533 3510 3603">
    <p class='ocr_par' dir='ltr' id='par_1_77' title="bbox 2002 3533 3510 3603">
     <span class='ocr_line' id='line_1_77' title="bbox 2002 3533 3510 3603; baseline 0.001 -16"><span class='ocrx_word' id='word_1_524' title='bbox 2002 3535 2091 3588; x_wconf 80' lang='lat'><strong>5|.</strong></span> <span class='ocrx_word' id='word_1_525' title='bbox 2136 3535 2358 3589; x_wconf 89' lang='lat' dir='ltr'><strong>llostias</strong></span> <span class='ocrx_word' id='word_1_526' title='bbox 2396 3534 2677 3603; x_wconf 91' lang='lat' dir='ltr'><strong>spiritales</strong></span> <span class='ocrx_word' id='word_1_527' title='bbox 2720 3550 2842 3589; x_wconf 91' lang='lat' dir='ltr'><strong>esse</strong></span> <span class='ocrx_word' id='word_1_528' title='bbox 2885 3535 3162 3601; x_wconf 83' lang='lat' dir='ltr'><strong>novimus,</strong></span> <span class='ocrx_word' id='word_1_529' title='bbox 3192 3549 3304 3588; x_wconf 90' lang='lat' dir='ltr'><strong>non</strong></span> <span class='ocrx_word' id='word_1_530' title='bbox 3331 3533 3510 3589; x_wconf 86' lang='lat' dir='ltr'><strong>solum</strong></span> 
     </span>
    </p>
   </div>
   <div class='ocr_carea' id='block_1_78' title="bbox 1933 3625 3511 3696">
    <p class='ocr_par' dir='ltr' id='par_1_78' title="bbox 1933 3625 3511 3696">
     <span class='ocr_line' id='line_1_78' title="bbox 1933 3625 3511 3696; baseline -0.001 -16"><span class='ocrx_word' id='word_1_531' title='bbox 1933 3627 2080 3696; x_wconf 88' lang='lat' dir='ltr'><strong>quod</strong></span> <span class='ocrx_word' id='word_1_532' title='bbox 2135 3626 2368 3681; x_wconf 65' lang='lat' dir='ltr'><strong>allectus</strong></span> <span class='ocrx_word' id='word_1_533' title='bbox 2416 3627 2597 3696; x_wconf 80' lang='lat' dir='ltr'><strong>gladio</strong></span> <span class='ocrx_word' id='word_1_534' title='bbox 2655 3627 2906 3696; x_wconf 92' lang='lat' dir='ltr'><strong>spiritus,</strong></span> <span class='ocrx_word' id='word_1_535' title='bbox 2953 3625 3099 3695; x_wconf 90' lang='lat' dir='ltr'><strong>quod</strong></span> <span class='ocrx_word' id='word_1_536' title='bbox 3147 3634 3232 3680; x_wconf 91' lang='lat' dir='ltr'><strong>est</strong></span> <span class='ocrx_word' id='word_1_537' title='bbox 3279 3625 3511 3679; x_wconf 83' lang='lat' dir='ltr'><strong>verbum</strong></span> 
     </span>
    </p>
   </div>
   <div class='ocr_carea' id='block_1_79' title="bbox 1936 3718 3510 3789">
    <p class='ocr_par' dir='ltr' id='par_1_79' title="bbox 1936 3718 3510 3789">
     <span class='ocr_line' id='line_1_79' title="bbox 1936 3718 3510 3789; baseline -0.002 -16"><span class='ocrx_word' id='word_1_538' title='bbox 1936 3718 2030 3773; x_wconf 90' lang='lat' dir='ltr'><strong>Dei</strong></span> <span class='ocrx_word' id='word_1_539' title='bbox 2067 3719 2136 3782; x_wconf 81' lang='grc'>⁸⁷,</span> <span class='ocrx_word' id='word_1_540' title='bbox 2173 3719 2477 3789; x_wconf 81' lang='lat' dir='ltr'><strong>jugulando</strong></span> <span class='ocrx_word' id='word_1_541' title='bbox 2508 3718 2924 3783; x_wconf 72' lang='lat' dir='ltr'><strong>mortificamus,</strong></span> <span class='ocrx_word' id='word_1_542' title='bbox 2964 3719 3249 3786; x_wconf 86' lang='lat' dir='ltr'><strong>vitamque</strong></span> <span class='ocrx_word' id='word_1_543' title='bbox 3290 3731 3510 3771; x_wconf 89' lang='lat' dir='ltr'><strong>omnem</strong></span> 
     </span>
    </p>
   </div>
   <div class='ocr_carea' id='block_1_80' title="bbox 1935 3807 3513 3880">
    <p class='ocr_par' dir='ltr' id='par_1_80' title="bbox 1935 3807 3513 3880">
     <span class='ocr_line' id='line_1_80' title="bbox 1935 3807 3513 3880; baseline -0.003 -16"><span class='ocrx_word' id='word_1_544' title='bbox 1935 3811 2235 3872; x_wconf 87' lang='lat' dir='ltr'><strong>carnalem,</strong></span> <span class='ocrx_word' id='word_1_545' title='bbox 2275 3811 2445 3865; x_wconf 87' lang='lat' dir='ltr'><strong>instar</strong></span> <span class='ocrx_word' id='word_1_546' title='bbox 2481 3810 2784 3880; x_wconf 81' lang='lat' dir='ltr'><strong>sanguinis,</strong></span> <span class='ocrx_word' id='word_1_547' title='bbox 2817 3809 2985 3862; x_wconf 90' lang='lat' dir='ltr'><strong>animi</strong></span> <span class='ocrx_word' id='word_1_548' title='bbox 3020 3807 3302 3878; x_wconf 91' lang='lat' dir='ltr'><strong>proposito</strong></span> <span class='ocrx_word' id='word_1_549' title='bbox 3325 3807 3513 3861; x_wconf 79' lang='lat' dir='ltr'><strong>fundi-</strong></span> 
     </span>
    </p>
   </div>
   <div class='ocr_carea' id='block_1_81' title="bbox 1935 3899 3512 3969">
    <p class='ocr_par' dir='ltr' id='par_1_81' title="bbox 1935 3899 3512 3969">
     <span class='ocr_line' id='line_1_81' title="bbox 1935 3899 3512 3969; baseline 0.001 -17"><span class='ocrx_word' id='word_1_550' title='bbox 1935 3915 2058 3953; x_wconf 91' lang='lat' dir='ltr'><strong>mus</strong></span> <span class='ocrx_word' id='word_1_551' title='bbox 2084 3914 2146 3952; x_wconf 90' lang='lat' dir='ltr'><strong>ac</strong></span> <span class='ocrx_word' id='word_1_552' title='bbox 2169 3899 2443 3965; x_wconf 85' lang='lat' dir='ltr'><strong>libamus;</strong></span> <span class='ocrx_word' id='word_1_553' title='bbox 2477 3899 2573 3954; x_wconf 88' lang='lat' dir='ltr'><strong>sed</strong></span> <span class='ocrx_word' id='word_1_554' title='bbox 2602 3899 2752 3969; x_wconf 87' lang='lat' dir='ltr'><strong>quod</strong></span> <span class='ocrx_word' id='word_1_555' title='bbox 2792 3899 2960 3954; x_wconf 88' lang='lat' dir='ltr'><strong>etiam</strong></span> <span class='ocrx_word' id='word_1_556' title='bbox 2995 3915 3180 3954; x_wconf 90' lang='lat' dir='ltr'><strong>mores</strong></span> <span class='ocrx_word' id='word_1_557' title='bbox 3213 3914 3408 3953; x_wconf 87' lang='lat' dir='ltr'><strong>omnes</strong></span> <span class='ocrx_word' id='word_1_558' title='bbox 3443 3914 3512 3953; x_wconf 83' lang='lat' dir='ltr'><strong>ex</strong></span> 
     </span>
    </p>
   </div>
   <div class='ocr_carea' id='block_1_82' title="bbox 1935 3990 3513 4060">
    <p class='ocr_par' dir='ltr' id='par_1_82' title="bbox 1935 3990 3513 4060">
     <span class='ocr_line' id='line_1_82' title="bbox 1935 3990 3513 4060; baseline 0.001 -18"><span class='ocrx_word' id='word_1_559' title='bbox 1935 3991 2302 4060; x_wconf 71' lang='lat' dir='ltr'><strong>philosophiae</strong></span> <span class='ocrx_word' id='word_1_560' title='bbox 2331 3990 2643 4046; x_wconf 90' lang='lat' dir='ltr'><strong>rationibus</strong></span> <span class='ocrx_word' id='word_1_561' title='bbox 2674 3991 2984 4055; x_wconf 91' lang='lat' dir='ltr'><strong>institutos,</strong></span> <span class='ocrx_word' id='word_1_562' title='bbox 3023 3991 3284 4059; x_wconf 84' lang='lat' dir='ltr'><strong>viresque</strong></span> <span class='ocrx_word' id='word_1_563' title='bbox 3319 4004 3513 4044; x_wconf 85' lang='lat' dir='ltr'><strong>omnes</strong></span> 
     </span>
    </p>
   </div>
   <div class='ocr_carea' id='block_1_83' title="bbox 1934 4083 3509 4156">
    <p class='ocr_par' dir='ltr' id='par_1_83' title="bbox 1934 4083 3509 4156">
     <span class='ocr_line' id='line_1_83' title="bbox 1934 4083 3509 4156; baseline -0.001 -18"><span class='ocrx_word' id='word_1_564' title='bbox 1934 4086 2217 4139; x_wconf 90' lang='lat' dir='ltr'><strong>naturales</strong></span> <span class='ocrx_word' id='word_1_565' title='bbox 2257 4086 2367 4138; x_wconf 90' lang='lat' dir='ltr'><strong>Deo</strong></span> <span class='ocrx_word' id='word_1_566' title='bbox 2403 4093 2774 4149; x_wconf 87' lang='lat' dir='ltr'><strong>consecratas,</strong></span> <span class='ocrx_word' id='word_1_567' title='bbox 2817 4085 3054 4156; x_wconf 82' lang='lat' dir='ltr'><strong>ignequc</strong></span> <span class='ocrx_word' id='word_1_568' title='bbox 3107 4083 3350 4154; x_wconf 88' lang='lat' dir='ltr'><strong>Spiritus</strong></span> <span class='ocrx_word' id='word_1_569' title='bbox 3382 4099 3509 4153; x_wconf 77' lang='lat' dir='ltr'><strong>gra-</strong></span> 
     </span>
    </p>
   </div>
   <div class='ocr_carea' id='block_1_84' title="bbox 1937 4174 3510 4247">
    <p class='ocr_par' dir='ltr' id='par_1_84' title="bbox 1937 4174 3510 4247">
     <span class='ocr_line' id='line_1_84' title="bbox 1937 4174 3510 4247; baseline 0 -17"><span class='ocrx_word' id='word_1_570' title='bbox 1937 4175 2046 4239; x_wconf 72' lang='lat' dir='ltr'><strong>tim,</strong></span> <span class='ocrx_word' id='word_1_571' title='bbox 2110 4187 2168 4230; x_wconf 91' lang='lat' dir='ltr'><strong>ut</strong></span> <span class='ocrx_word' id='word_1_572' title='bbox 2213 4177 2290 4230; x_wconf 90' lang='lat' dir='ltr'><strong>illi</strong></span> <span class='ocrx_word' id='word_1_573' title='bbox 2339 4175 2391 4231; x_wconf 91' lang='lat' dir='ltr'><strong>in</strong></span> <span class='ocrx_word' id='word_1_574' title='bbox 2432 4176 2704 4247; x_wconf 79' lang='lat' dir='ltr'><strong>integrum</strong></span> <span class='ocrx_word' id='word_1_575' title='bbox 2743 4175 2965 4243; x_wconf 90' lang='lat' dir='ltr'><strong>cedant,</strong></span> <span class='ocrx_word' id='word_1_576' title='bbox 3005 4175 3336 4232; x_wconf 83' lang='lat' dir='ltr'><strong>holocausto-</strong></span> <span class='ocrx_word' id='word_1_577' title='bbox 3371 4174 3510 4230; x_wconf 63' lang='lat' dir='ltr'><strong>olfe-</strong></span> 
     </span>
    </p>
   </div>
   <div class='ocr_carea' id='block_1_85' title="bbox 1937 4280 2134 4320">
    <p class='ocr_par' dir='ltr' id='par_1_85' title="bbox 1937 4280 2134 4320">
     <span class='ocr_line' id='line_1_85' title="bbox 1937 4280 2134 4320; baseline 0.01 -2"><span class='ocrx_word' id='word_1_578' title='bbox 1937 4280 2134 4320; x_wconf 82' lang='lat' dir='ltr'><strong>rimus.</strong></span> 
     </span>
    </p>
   </div>
   <div class='ocr_carea' id='block_1_86' title="bbox 335 4701 1826 4776">
    <p class='ocr_par' dir='ltr' id='par_1_86' title="bbox 335 4701 1824 4776">
     <span class='ocr_line' id='line_1_86' title="bbox 335 4701 1824 4776; baseline 0.001 -18"><span class='ocrx_word' id='word_1_579' title='bbox 335 4706 410 4776; x_wconf 76' lang='lat' dir='ltr'><strong>(Ii)</strong></span> <span class='ocrx_word' id='word_1_580' title='bbox 442 4706 554 4758; x_wconf 82' lang='grc' dir='ltr'><strong>Ἦν</strong></span> <span class='ocrx_word' id='word_1_581' title='bbox 574 4701 785 4758; x_wconf 66' lang='grc' dir='ltr'><strong>οἶδεν-ό</strong></span> <span class='ocrx_word' id='word_1_582' title='bbox 819 4702 1200 4776; x_wconf 34' lang='grc' dir='ltr'>λόγος,ομοά</span> <span class='ocrx_word' id='word_1_583' title='bbox 1233 4705 1313 4760; x_wconf 90' lang='lat' dir='ltr'><strong>sic</strong></span> <span class='ocrx_word' id='word_1_584' title='bbox 1339 4716 1497 4762; x_wconf 86' lang='lat' dir='ltr'><strong>vocat</strong></span> <span class='ocrx_word' id='word_1_585' title='bbox 1536 4706 1824 4771; x_wconf 77' lang='lat' dir='ltr'><strong>Maximus,</strong></span> 
     </span>
    </p>
   </div>
   <div class='ocr_carea' id='block_1_87' title="bbox 1928 4701 2240 4776">
    <p class='ocr_par' dir='ltr' id='par_1_87' title="bbox 1929 4707 2240 4768">
     <span class='ocr_line' id='line_1_87' title="bbox 1929 4707 2240 4768; baseline -0.006 -7"><span class='ocrx_word' id='word_1_586' title='bbox 1929 4707 2240 4768; x_wconf 86' lang='lat' dir='ltr'><strong>minimum.</strong></span> 
     </span>
    </p>
   </div>
   <div class='ocr_carea' id='block_1_88' title="bbox 252 4773 1829 4848">
    <p class='ocr_par' dir='ltr' id='par_1_88' title="bbox 252 4773 1829 4848">
     <span class='ocr_line' id='line_1_88' title="bbox 252 4773 1829 4848; baseline -0.001 -16"><span class='ocrx_word' id='word_1_587' title='bbox 252 4781 285 4832; x_wconf 84' lang='grc' dir='ltr'>ὁ</span> <span class='ocrx_word' id='word_1_588' title='bbox 313 4773 491 4843; x_wconf 76' lang='grc' dir='ltr'>λόγος.</span> <span class='ocrx_word' id='word_1_589' title='bbox 513 4790 638 4848; x_wconf 59' lang='grc' dir='ltr'>ξιιοιι</span> <span class='ocrx_word' id='word_1_590' title='bbox 666 4775 782 4848; x_wconf 75' lang='lat' dir='ltr'><strong>ipsa</strong></span> <span class='ocrx_word' id='word_1_591' title='bbox 809 4790 968 4848; x_wconf 72' lang='lat' dir='ltr'><strong>sacra</strong></span> <span class='ocrx_word' id='word_1_592' title='bbox 1001 4773 1285 4848; x_wconf 72' lang='lat' dir='ltr'><strong>Scriptura</strong></span> <span class='ocrx_word' id='word_1_593' title='bbox 1339 4785 1444 4841; x_wconf 90' lang='lat' dir='ltr'><strong>est,</strong></span> <span class='ocrx_word' id='word_1_594' title='bbox 1489 4777 1584 4830; x_wconf 90' lang='lat' dir='ltr'><strong>sed</strong></span> <span class='ocrx_word' id='word_1_595' title='bbox 1631 4778 1829 4848; x_wconf 83' lang='lat' dir='ltr'><strong>Diony-</strong></span> 
     </span>
    </p>
   </div>
   <div class='ocr_carea' id='block_1_89' title="bbox 254 4844 1828 4915">
    <p class='ocr_par' dir='ltr' id='par_1_89' title="bbox 254 4844 1828 4915">
     <span class='ocr_line' id='line_1_89' title="bbox 254 4844 1828 4915; baseline 0.001 -14"><span class='ocrx_word' id='word_1_596' title='bbox 254 4848 399 4909; x_wconf 87' lang='lat' dir='ltr'><strong>sius,</strong></span> <span class='ocrx_word' id='word_1_597' title='bbox 434 4845 524 4914; x_wconf 88' lang='lat' dir='ltr'><strong>qui</strong></span> <span class='ocrx_word' id='word_1_598' title='bbox 578 4844 659 4900; x_wconf 88' lang='lat' dir='ltr'><strong>sic</strong></span> <span class='ocrx_word' id='word_1_599' title='bbox 697 4845 764 4898; x_wconf 81' lang='lat' dir='ltr'><strong>de</strong></span> <span class='ocrx_word' id='word_1_600' title='bbox 795 4844 1004 4915; x_wconf 70' lang='lat' dir='ltr'><strong>angelis</strong></span> <span class='ocrx_word' id='word_1_601' title='bbox 1043 4844 1317 4915; x_wconf 80' lang='lat' dir='ltr'><strong>loquitur;</strong></span> <span class='ocrx_word' id='word_1_602' title='bbox 1350 4855 1410 4900; x_wconf 91' lang='lat' dir='ltr'><strong>ut</strong></span> <span class='ocrx_word' id='word_1_603' title='bbox 1438 4849 1594 4915; x_wconf 83' lang='lat' dir='ltr'><strong>quasi</strong></span> <span class='ocrx_word' id='word_1_604' title='bbox 1627 4844 1828 4902; x_wconf 82' lang='lat' dir='ltr'><strong>funda-</strong></span> 
     </span>
    </p>
   </div>
   <div class='ocr_carea' id='block_1_90' title="bbox 255 4914 1829 4972">
    <p class='ocr_par' dir='ltr' id='par_1_90' title="bbox 255 4914 1829 4972">
     <span class='ocr_line' id='line_1_90' title="bbox 255 4914 1829 4972; baseline -0.001 0"><span class='ocrx_word' id='word_1_605' title='bbox 255 4927 373 4972; x_wconf 88' lang='lat' dir='ltr'><strong>tam</strong></span> <span class='ocrx_word' id='word_1_606' title='bbox 423 4931 613 4968; x_wconf 87' lang='lat' dir='ltr'><strong>eorum</strong></span> <span class='ocrx_word' id='word_1_607' title='bbox 663 4915 808 4969; x_wconf 88' lang='lat' dir='ltr'><strong>circa</strong></span> <span class='ocrx_word' id='word_1_608' title='bbox 861 4914 1030 4967; x_wconf 86' lang='lat' dir='ltr'><strong>Deum</strong></span> <span class='ocrx_word' id='word_1_609' title='bbox 1080 4914 1498 4970; x_wconf 74' lang='lat' dir='ltr'><strong>collocntionem</strong></span> <span class='ocrx_word' id='word_1_610' title='bbox 1542 4934 1605 4972; x_wconf 89' lang='lat' dir='ltr'><strong>ac</strong></span> <span class='ocrx_word' id='word_1_611' title='bbox 1642 4917 1829 4972; x_wconf 81' lang='lat' dir='ltr'><strong>sedem</strong></span> 
     </span>
    </p>
   </div>
   <div class='ocr_carea' id='block_1_91' title="bbox 255 4983 1831 5056">
    <p class='ocr_par' dir='ltr' id='par_1_91' title="bbox 255 4983 1831 5056">
     <span class='ocr_line' id='line_1_91' title="bbox 255 4983 1831 5056; baseline 0.002 -17"><span class='ocrx_word' id='word_1_612' title='bbox 255 4986 555 5056; x_wconf 73' lang='lat' dir='ltr'><strong>signiticet,</strong></span> <span class='ocrx_word' id='word_1_613' title='bbox 589 5001 708 5053; x_wconf 81' lang='lat' dir='ltr'><strong>qua:</strong></span> <span class='ocrx_word' id='word_1_614' title='bbox 748 4984 928 5056; x_wconf 83' lang='lat' dir='ltr'><strong>eritct</strong></span> <span class='ocrx_word' id='word_1_615' title='bbox 953 4983 1237 5056; x_wconf 85' lang='lat' dir='ltr'><strong>hominum</strong></span> <span class='ocrx_word' id='word_1_616' title='bbox 1272 4986 1586 5050; x_wconf 76' lang='lat' dir='ltr'><strong>beatorum,</strong></span> <span class='ocrx_word' id='word_1_617' title='bbox 1629 4987 1831 5055; x_wconf 86' lang='lat' dir='ltr'><strong>quibus</strong></span> 
     </span>
    </p>
   </div>
   <div class='ocr_carea' id='block_1_92' title="bbox 256 5054 1832 5126">
    <p class='ocr_par' dir='ltr' id='par_1_92' title="bbox 256 5054 1832 5126">
     <span class='ocr_line' id='line_1_92' title="bbox 256 5054 1832 5126; baseline 0.001 -16"><span class='ocrx_word' id='word_1_618' title='bbox 256 5054 410 5111; x_wconf 66' lang='lat' dir='ltr'><strong>[lous</strong></span> <span class='ocrx_word' id='word_1_619' title='bbox 439 5056 554 5123; x_wconf 80' lang='lat' dir='ltr'><strong>ipse</strong></span> <span class='ocrx_word' id='word_1_620' title='bbox 579 5057 730 5109; x_wconf 89' lang='lat' dir='ltr'><strong>locus</strong></span> <span class='ocrx_word' id='word_1_621' title='bbox 755 5055 975 5126; x_wconf 82' lang='lat' dir='ltr'><strong>futurus</strong></span> <span class='ocrx_word' id='word_1_622' title='bbox 1005 5054 1112 5116; x_wconf 89' lang='lat' dir='ltr'><strong>sit;</strong></span> <span class='ocrx_word' id='word_1_623' title='bbox 1143 5070 1340 5126; x_wconf 75' lang='lat' dir='ltr'><strong>exquo</strong></span> <span class='ocrx_word' id='word_1_624' title='bbox 1362 5058 1550 5119; x_wconf 88' lang='lat' dir='ltr'><strong>etiam,</strong></span> <span class='ocrx_word' id='word_1_625' title='bbox 1571 5054 1832 5126; x_wconf 82' lang='lat' dir='ltr'><strong>perennis</strong></span> 
     </span>
    </p>
   </div>
   <div class='ocr_carea' id='block_1_93' title="bbox 256 5124 1834 5193">
    <p class='ocr_par' dir='ltr' id='par_1_93' title="bbox 256 5124 1834 5193">
     <span class='ocr_line' id='line_1_93' title="bbox 256 5124 1834 5193; baseline 0 -13"><span class='ocrx_word' id='word_1_626' title='bbox 256 5128 354 5181; x_wconf 84' lang='lat' dir='ltr'><strong>illa</strong></span> <span class='ocrx_word' id='word_1_627' title='bbox 387 5126 632 5193; x_wconf 83' lang='lat' dir='ltr'><strong>ejusdem</strong></span> <span class='ocrx_word' id='word_1_628' title='bbox 659 5134 839 5178; x_wconf 82' lang='lat' dir='ltr'><strong>lllOlllS</strong></span> <span class='ocrx_word' id='word_1_629' title='bbox 860 5124 1016 5192; x_wconf 84' lang='lat' dir='ltr'><strong>quies</strong></span> <span class='ocrx_word' id='word_1_630' title='bbox 1042 5131 1097 5177; x_wconf 88' lang='lat' dir='ltr'><strong>et</strong></span> <span class='ocrx_word' id='word_1_631' title='bbox 1127 5124 1430 5190; x_wconf 85' lang='lat' dir='ltr'><strong>stabilitas;</strong></span> <span class='ocrx_word' id='word_1_632' title='bbox 1459 5124 1585 5182; x_wconf 80' lang='lat' dir='ltr'><strong>cuni</strong></span> <span class='ocrx_word' id='word_1_633' title='bbox 1610 5128 1664 5180; x_wconf 92' lang='lat' dir='ltr'><strong>in</strong></span> <span class='ocrx_word' id='word_1_634' title='bbox 1699 5137 1834 5180; x_wconf 90' lang='lat' dir='ltr'><strong>tem-</strong></span> 
     </span>
    </p>
   </div>
   <div class='ocr_carea' id='block_1_94' title="bbox 253 5193 1830 5282">
    <p class='ocr_par' dir='ltr' id='par_1_94' title="bbox 253 5193 1830 5282">
     <span class='ocr_line' id='line_1_94' title="bbox 253 5193 1830 5282; baseline -0.011 -26"><span class='ocrx_word' id='word_1_635' title='bbox 253 5212 560 5282; x_wconf 49' lang='lat' dir='ltr'><strong>|i0fe,ﬂuo</strong></span> <span class='ocrx_word' id='word_1_636' title='bbox 588 5196 820 5282; x_wconf 79' lang='lat' dir='ltr'><strong>agimus,</strong></span> <span class='ocrx_word' id='word_1_637' title='bbox 847 5194 965 5282; x_wconf 56' lang='lat' dir='ltr'><strong>ipso</strong></span> <span class='ocrx_word' id='word_1_638' title='bbox 991 5193 1277 5282; x_wconf 46' lang='lat' dir='ltr'><strong>altera’nle,</strong></span> <span class='ocrx_word' id='word_1_639' title='bbox 1302 5197 1454 5282; x_wconf 54' lang='lat' dir='ltr'><strong>jugii</strong></span> <span class='ocrx_word' id='word_1_640' title='bbox 1482 5197 1553 5278; x_wconf 60' lang='lat' dir='ltr'><strong>sit</strong></span> <span class='ocrx_word' id='word_1_641' title='bbox 1579 5198 1830 5252; x_wconf 63' lang='grc' dir='ltr'>ιηυιίιιίο,</span> 
     </span>
    </p>
   </div>
   <div class='ocr_carea' id='block_1_95' title="bbox 335 5263 1829 5336">
    <p class='ocr_par' dir='ltr' id='par_1_95' title="bbox 335 5263 1829 5336">
     <span class='ocr_line' id='line_1_95' title="bbox 335 5263 1829 5336; baseline 0.003 -19"><span class='ocrx_word' id='word_1_642' title='bbox 335 5266 396 5333; x_wconf 81' lang='grc' dir='ltr'><strong>(ἱ)</strong></span> <span class='ocrx_word' id='word_1_643' title='bbox 431 5263 549 5331; x_wconf 75' lang='grc' dir='ltr'><strong>Τὴν</strong></span> <span class='ocrx_word' id='word_1_644' title='bbox 580 5263 730 5318; x_wconf 77' lang='grc' dir='ltr'><strong>κάτά</strong></span> <span class='ocrx_word' id='word_1_645' title='bbox 776 5266 1064 5336; x_wconf 73' lang='grc' dir='ltr'>πρόθεσιν</span> <span class='ocrx_word' id='word_1_646' title='bbox 1095 5263 1388 5336; x_wconf 62' lang='grc' dir='ltr'><strong>Δκίνησίνξ</strong></span> <span class='ocrx_word' id='word_1_647' title='bbox 1415 5267 1593 5322; x_wconf 85' lang='lat' dir='ltr'><strong>Etiam</strong></span> <span class='ocrx_word' id='word_1_648' title='bbox 1633 5277 1829 5336; x_wconf 72' lang='lat' dir='ltr'><strong>quzest.</strong></span> 
     </span>
    </p>
   </div>
   <div class='ocr_carea' id='block_1_96' title="bbox 257 5333 1831 5404">
    <p class='ocr_par' dir='ltr' id='par_1_96' title="bbox 257 5333 1831 5404">
     <span class='ocr_line' id='line_1_96' title="bbox 257 5333 1831 5404; baseline 0.002 -16"><span class='ocrx_word' id='word_1_649' title='bbox 257 5335 356 5388; x_wconf 89' lang='lat' dir='ltr'><strong>illa</strong></span> <span class='ocrx_word' id='word_1_650' title='bbox 388 5336 474 5396; x_wconf 79' lang='grc'><strong>65,</strong></span> <span class='ocrx_word' id='word_1_651' title='bbox 507 5351 630 5389; x_wconf 90' lang='lat' dir='ltr'><strong>cum</strong></span> <span class='ocrx_word' id='word_1_652' title='bbox 678 5334 1029 5404; x_wconf 82' lang='lat' dir='ltr'><strong>perSpicuum</strong></span> <span class='ocrx_word' id='word_1_653' title='bbox 1064 5333 1135 5386; x_wconf 89' lang='lat' dir='ltr'><strong>sit</strong></span> <span class='ocrx_word' id='word_1_654' title='bbox 1168 5334 1272 5402; x_wconf 83' lang='lat' dir='ltr'><strong>leg.</strong></span> <span class='ocrx_word' id='word_1_655' title='bbox 1309 5335 1559 5400; x_wconf 75' lang='grc' dir='ltr'>κένωσιν,</span> <span class='ocrx_word' id='word_1_656' title='bbox 1588 5333 1683 5390; x_wconf 83' lang='lat' dir='ltr'><strong>seu</strong></span> <span class='ocrx_word' id='word_1_657' title='bbox 1716 5354 1831 5391; x_wconf 89' lang='lat' dir='ltr'><strong>ma-</strong></span> 
     </span>
    </p>
   </div>
   <div class='ocr_carea' id='block_1_97' title="bbox 253 5404 1832 5474">
    <p class='ocr_par' dir='ltr' id='par_1_97' title="bbox 253 5404 1832 5474">
     <span class='ocr_line' id='line_1_97' title="bbox 253 5404 1832 5474; baseline 0.003 -16"><span class='ocrx_word' id='word_1_658' title='bbox 253 5406 346 5474; x_wconf 77' lang='lat' dir='ltr'><strong>gis</strong></span> <span class='ocrx_word' id='word_1_659' title='bbox 370 5407 523 5472; x_wconf 79' lang='grc' dir='ltr'>χύσιν</span> <span class='ocrx_word' id='word_1_660' title='bbox 543 5423 555 5434; x_wconf 91' lang='grc'><strong>·</strong></span> <span class='ocrx_word' id='word_1_661' title='bbox 584 5421 686 5459; x_wconf 90' lang='lat' dir='ltr'><strong>nec</strong></span> <span class='ocrx_word' id='word_1_662' title='bbox 728 5405 1020 5458; x_wconf 74' lang='lat' dir='ltr'><strong>Maximum</strong></span> <span class='ocrx_word' id='word_1_663' title='bbox 1060 5404 1220 5474; x_wconf 82' lang='lat' dir='ltr'><strong>aliter</strong></span> <span class='ocrx_word' id='word_1_664' title='bbox 1244 5405 1560 5474; x_wconf 76' lang='lat' dir='ltr'><strong>scripsisse.</strong></span> <span class='ocrx_word' id='word_1_665' title='bbox 1608 5408 1682 5460; x_wconf 83' lang='lat' dir='ltr'><strong>De</strong></span> <span class='ocrx_word' id='word_1_666' title='bbox 1708 5408 1832 5462; x_wconf 71' lang='lat' dir='ltr'><strong>vilm</strong></span> 
     </span>
    </p>
   </div>
   <div class='ocr_carea' id='block_1_98' title="bbox 252 5473 1832 5545">
    <p class='ocr_par' dir='ltr' id='par_1_98' title="bbox 252 5473 1832 5545">
     <span class='ocr_line' id='line_1_98' title="bbox 252 5473 1832 5545; baseline 0.003 -18"><span class='ocrx_word' id='word_1_667' title='bbox 252 5473 408 5527; x_wconf 77' lang='lat' dir='ltr'><strong>enim</strong></span> <span class='ocrx_word' id='word_1_668' title='bbox 438 5476 669 5529; x_wconf 86' lang='lat' dir='ltr'><strong>carnalis</strong></span> <span class='ocrx_word' id='word_1_669' title='bbox 701 5474 974 5545; x_wconf 85' lang='lat' dir='ltr'><strong>sacriticio</strong></span> <span class='ocrx_word' id='word_1_670' title='bbox 1002 5473 1285 5543; x_wconf 79' lang='lat' dir='ltr'><strong>sanguinis</strong></span> <span class='ocrx_word' id='word_1_671' title='bbox 1312 5478 1630 5545; x_wconf 87' lang='lat' dir='ltr'><strong>metaphora</strong></span> <span class='ocrx_word' id='word_1_672' title='bbox 1650 5494 1832 5532; x_wconf 89' lang='lat' dir='ltr'><strong>sermo</strong></span> 
     </span>
    </p>
   </div>
   <div class='ocr_carea' id='block_1_99' title="bbox 251 5544 1833 5614">
    <p class='ocr_par' dir='ltr' id='par_1_99' title="bbox 251 5544 1833 5614">
     <span class='ocr_line' id='line_1_99' title="bbox 251 5544 1833 5614; baseline 0.001 -15"><span class='ocrx_word' id='word_1_673' title='bbox 251 5553 366 5604; x_wconf 84' lang='lat' dir='ltr'><strong>est.</strong></span> <span class='ocrx_word' id='word_1_674' title='bbox 397 5561 556 5612; x_wconf 84' lang='lat' dir='ltr'><strong>quem</strong></span> <span class='ocrx_word' id='word_1_675' title='bbox 582 5545 752 5614; x_wconf 84' lang='lat' dir='ltr'><strong>liquet</strong></span> <span class='ocrx_word' id='word_1_676' title='bbox 778 5561 884 5598; x_wconf 90' lang='lat' dir='ltr'><strong>non</strong></span> <span class='ocrx_word' id='word_1_677' title='bbox 903 5544 1240 5613; x_wconf 83' lang='lat' dir='ltr'><strong>aliterquam</strong></span> <span class='ocrx_word' id='word_1_678' title='bbox 1268 5544 1528 5599; x_wconf 83' lang='lat' dir='ltr'><strong>libatione</strong></span> <span class='ocrx_word' id='word_1_679' title='bbox 1548 5547 1833 5602; x_wconf 76' lang='lat' dir='ltr'><strong>etfusioue</strong></span> 
     </span>
    </p>
   </div>
   <div class='ocr_carea' id='block_1_100' title="bbox 252 5614 1831 5683">
    <p class='ocr_par' dir='ltr' id='par_1_100' title="bbox 252 5614 1831 5683">
     <span class='ocr_line' id='line_1_100' title="bbox 252 5614 1831 5683; baseline 0.003 -17"><span class='ocrx_word' id='word_1_680' title='bbox 252 5615 472 5667; x_wconf 62' lang='lat' dir='ltr'><strong>oll‘erri.</strong></span> <span class='ocrx_word' id='word_1_681' title='bbox 499 5615 645 5668; x_wconf 71' lang='lat' dir='ltr'><strong>Nihil</strong></span> <span class='ocrx_word' id='word_1_682' title='bbox 674 5631 801 5683; x_wconf 79' lang='lat' dir='ltr'><strong>ergo</strong></span> <span class='ocrx_word' id='word_1_683' title='bbox 834 5614 900 5667; x_wconf 88' lang='lat' dir='ltr'><strong>ad</strong></span> <span class='ocrx_word' id='word_1_684' title='bbox 934 5630 1071 5675; x_wconf 85' lang='lat' dir='ltr'><strong>rem,</strong></span> <span class='ocrx_word' id='word_1_685' title='bbox 1097 5614 1242 5682; x_wconf 89' lang='lat' dir='ltr'><strong>quod</strong></span> <span class='ocrx_word' id='word_1_686' title='bbox 1279 5615 1350 5668; x_wconf 86' lang='lat' dir='ltr'><strong>ita</strong></span> <span class='ocrx_word' id='word_1_687' title='bbox 1381 5616 1539 5669; x_wconf 83' lang='lat' dir='ltr'><strong>Picus</strong></span> <span class='ocrx_word' id='word_1_688' title='bbox 1573 5617 1831 5680; x_wconf 87' lang='lat' dir='ltr'><strong>reddidit,</strong></span> 
     </span>
    </p>
   </div>
   <div class='ocr_carea' id='block_1_101' title="bbox 252 5683 1835 5753">
    <p class='ocr_par' dir='ltr' id='par_1_101' title="bbox 252 5683 1835 5753">
     <span class='ocr_line' id='line_1_101' title="bbox 252 5683 1835 5753; baseline 0.001 -15"><span class='ocrx_word' id='word_1_689' title='bbox 252 5683 403 5738; x_wconf 77' lang='lat' dir='ltr'><strong>velut</strong></span> <span class='ocrx_word' id='word_1_690' title='bbox 455 5688 850 5738; x_wconf 78' lang='lat' dir='ltr'><strong>commotionem</strong></span> <span class='ocrx_word' id='word_1_691' title='bbox 887 5686 1182 5753; x_wconf 77' lang='lat' dir='ltr'><strong>sanguinis,</strong></span> <span class='ocrx_word' id='word_1_692' title='bbox 1217 5695 1324 5740; x_wconf 83' lang='lat' dir='ltr'><strong>ctt‘.</strong></span> <span class='ocrx_word' id='word_1_693' title='bbox 1373 5686 1512 5738; x_wconf 80' lang='lat' dir='ltr'><strong>Sane</strong></span> <span class='ocrx_word' id='word_1_694' title='bbox 1555 5687 1835 5741; x_wconf 74' lang='lat' dir='ltr'><strong>coluerunt</strong></span> 
     </span>
    </p>
   </div>
   <div class='ocr_carea' id='block_1_102' title="bbox 260 5753 1834 5822">
    <p class='ocr_par' dir='ltr' id='par_1_102' title="bbox 260 5753 1834 5822">
     <span class='ocr_line' id='line_1_102' title="bbox 260 5753 1834 5822; baseline 0.001 -16"><span class='ocrx_word' id='word_1_695' title='bbox 260 5753 526 5822; x_wconf 65' lang='lat' dir='ltr'><strong>véxpwst;</strong></span> <span class='ocrx_word' id='word_1_696' title='bbox 549 5767 602 5808; x_wconf 89' lang='lat' dir='ltr'><strong>et</strong></span> <span class='ocrx_word' id='word_1_697' title='bbox 647 5759 903 5818; x_wconf 77' lang='grc' dir='ltr'>κένωσις,</span> <span class='ocrx_word' id='word_1_698' title='bbox 957 5755 1192 5808; x_wconf 86' lang='lat' dir='ltr'><strong>alterum</strong></span> <span class='ocrx_word' id='word_1_699' title='bbox 1227 5757 1279 5808; x_wconf 91' lang='lat' dir='ltr'><strong>in</strong></span> <span class='ocrx_word' id='word_1_700' title='bbox 1311 5755 1646 5821; x_wconf 71' lang='lat' dir='ltr'><strong>viventibus,</strong></span> <span class='ocrx_word' id='word_1_701' title='bbox 1696 5759 1834 5810; x_wconf 88' lang='lat' dir='ltr'><strong>alte--</strong></span> 
     </span>
    </p>
   </div>
   <div class='ocr_carea' id='block_1_103' title="bbox 258 5823 1832 5893">
    <p class='ocr_par' dir='ltr' id='par_1_103' title="bbox 258 5823 1832 5893">
     <span class='ocr_line' id='line_1_103' title="bbox 258 5823 1832 5893; baseline 0.004 -17"><span class='ocrx_word' id='word_1_702' title='bbox 258 5837 386 5877; x_wconf 86' lang='lat' dir='ltr'><strong>rum</strong></span> <span class='ocrx_word' id='word_1_703' title='bbox 410 5824 563 5893; x_wconf 87' lang='lat' dir='ltr'><strong>quasi</strong></span> <span class='ocrx_word' id='word_1_704' title='bbox 592 5825 644 5880; x_wconf 89' lang='lat' dir='ltr'><strong>in</strong></span> <span class='ocrx_word' id='word_1_705' title='bbox 675 5824 916 5880; x_wconf 81' lang='lat' dir='ltr'><strong>humidis</strong></span> <span class='ocrx_word' id='word_1_706' title='bbox 947 5835 998 5879; x_wconf 86' lang='lat' dir='ltr'><strong>et</strong></span> <span class='ocrx_word' id='word_1_707' title='bbox 1035 5823 1364 5888; x_wconf 83' lang='lat' dir='ltr'><strong>ﬂuentibus:</strong></span> <span class='ocrx_word' id='word_1_708' title='bbox 1400 5827 1630 5890; x_wconf 63' lang='grc' dir='ltr'>κίνησις,</span> <span class='ocrx_word' id='word_1_709' title='bbox 1663 5844 1727 5880; x_wconf 85' lang='lat' dir='ltr'><strong>ne</strong></span> <span class='ocrx_word' id='word_1_710' title='bbox 1749 5830 1832 5882; x_wconf 77' lang='lat' dir='ltr'><strong>vel</strong></span> 
     </span>
    </p>
   </div>
   <div class='ocr_carea' id='block_1_104' title="bbox 2002 4775 3506 4848">
    <p class='ocr_par' dir='ltr' id='par_1_104' title="bbox 2002 4775 3506 4848">
     <span class='ocr_line' id='line_1_104' title="bbox 2002 4775 3506 4848; baseline 0.003 -18"><span class='ocrx_word' id='word_1_711' title='bbox 2002 4780 2066 4848; x_wconf 86' lang='lat' dir='ltr'><strong>(j)</strong></span> <span class='ocrx_word' id='word_1_712' title='bbox 2095 4781 2246 4844; x_wconf 72' lang='grc' dir='ltr'>Πρὸς</span> <span class='ocrx_word' id='word_1_713' title='bbox 2285 4775 2399 4841; x_wconf 74' lang='grc' dir='ltr'><strong>τὴν</strong></span> <span class='ocrx_word' id='word_1_714' title='bbox 2431 4777 2596 4848; x_wconf 59' lang='grc' dir='ltr'>θείαν</span> <span class='ocrx_word' id='word_1_715' title='bbox 2626 4775 2811 4848; x_wconf 60' lang='grc' dir='ltr'><strong>,πῆξιν</strong></span> <span class='ocrx_word' id='word_1_716' title='bbox 2841 4777 3392 4848; x_wconf 66' lang='grc' dir='ltr'><strong>ὁλοκαυτουμένων.</strong></span> <span class='ocrx_word' id='word_1_717' title='bbox 3436 4776 3506 4834; x_wconf 76' lang='lat' dir='ltr'><strong>Ut</strong></span> 
     </span>
    </p>
   </div>
   <div class='ocr_carea' id='block_1_105' title="bbox 1930 4845 3510 4913">
    <p class='ocr_par' dir='ltr' id='par_1_105' title="bbox 1930 4845 3510 4913">
     <span class='ocr_line' id='line_1_105' title="bbox 1930 4845 3510 4913; baseline 0 -11"><span class='ocrx_word' id='word_1_718' title='bbox 1930 4845 2055 4902; x_wconf 74' lang='lat' dir='ltr'><strong>Deo</strong></span> <span class='ocrx_word' id='word_1_719' title='bbox 2086 4858 2212 4902; x_wconf 78' lang='lat' dir='ltr'><strong>totae</strong></span> <span class='ocrx_word' id='word_1_720' title='bbox 2250 4848 2448 4899; x_wconf 81' lang='lat' dir='ltr'><strong>cedant</strong></span> <span class='ocrx_word' id='word_1_721' title='bbox 2496 4865 2510 4899; x_wconf 88' lang='lat'><strong>:</strong></span> <span class='ocrx_word' id='word_1_722' title='bbox 2565 4846 2682 4900; x_wconf 72' lang='lat' dir='ltr'><strong>haec</strong></span> <span class='ocrx_word' id='word_1_723' title='bbox 2717 4847 2864 4900; x_wconf 88' lang='lat' dir='ltr'><strong>enim</strong></span> <span class='ocrx_word' id='word_1_724' title='bbox 2913 4845 3218 4902; x_wconf 83' lang='lat' dir='ltr'><strong>holocausti</strong></span> <span class='ocrx_word' id='word_1_725' title='bbox 3251 4849 3412 4913; x_wconf 87' lang='lat' dir='ltr'><strong>ratio,</strong></span> <span class='ocrx_word' id='word_1_726' title='bbox 3448 4856 3510 4902; x_wconf 89' lang='lat' dir='ltr'><strong>ut</strong></span> 
     </span>
    </p>
   </div>
   <div class='ocr_carea' id='block_1_106' title="bbox 1929 4917 3506 4985">
    <p class='ocr_par' dir='ltr' id='par_1_106' title="bbox 1929 4917 3506 4985">
     <span class='ocr_line' id='line_1_106' title="bbox 1929 4917 3506 4985; baseline 0.004 -15"><span class='ocrx_word' id='word_1_727' title='bbox 1929 4919 2112 4972; x_wconf 91' lang='lat' dir='ltr'><strong>omnia</strong></span> <span class='ocrx_word' id='word_1_728' title='bbox 2143 4919 2252 4970; x_wconf 74' lang='lat' dir='ltr'><strong>Deo</strong></span> <span class='ocrx_word' id='word_1_729' title='bbox 2290 4917 2634 4979; x_wconf 87' lang='lat' dir='ltr'><strong>adolcantur,</strong></span> <span class='ocrx_word' id='word_1_730' title='bbox 2669 4918 2940 4985; x_wconf 71' lang='lat' dir='ltr'><strong>uullmque</strong></span> <span class='ocrx_word' id='word_1_731' title='bbox 2969 4918 3053 4971; x_wconf 90' lang='lat' dir='ltr'><strong>vel</strong></span> <span class='ocrx_word' id='word_1_732' title='bbox 3083 4918 3391 4972; x_wconf 82' lang='lat' dir='ltr'><strong>sacerdotis</strong></span> <span class='ocrx_word' id='word_1_733' title='bbox 3419 4918 3506 4976; x_wconf 82' lang='lat' dir='ltr'><strong>vel</strong></span> 
     </span>
    </p>
   </div>
   <div class='ocr_carea' id='block_1_107' title="bbox 1929 4988 3505 5056">
    <p class='ocr_par' dir='ltr' id='par_1_107' title="bbox 1929 4988 3505 5056">
     <span class='ocr_line' id='line_1_107' title="bbox 1929 4988 3505 5056; baseline 0.001 -16"><span class='ocrx_word' id='word_1_734' title='bbox 1929 4988 2281 5041; x_wconf 65' lang='lat' dir='ltr'><strong>offerentium</strong></span> <span class='ocrx_word' id='word_1_735' title='bbox 2335 4997 2516 5056; x_wconf 85' lang='lat' dir='ltr'><strong>partes</strong></span> <span class='ocrx_word' id='word_1_736' title='bbox 2547 4988 2676 5040; x_wconf 83' lang='lat' dir='ltr'><strong>liant</strong></span> <span class='ocrx_word' id='word_1_737' title='bbox 2727 5003 2741 5050; x_wconf 87' lang='lat'><strong>;</strong></span> <span class='ocrx_word' id='word_1_738' title='bbox 2777 4989 3084 5056; x_wconf 87' lang='lat' dir='ltr'><strong>cujusmodi</strong></span> <span class='ocrx_word' id='word_1_739' title='bbox 3112 4989 3376 5042; x_wconf 74' lang='lat' dir='ltr'><strong>Maximus</strong></span> <span class='ocrx_word' id='word_1_740' title='bbox 3404 5003 3505 5041; x_wconf 88' lang='lat' dir='ltr'><strong>no-</strong></span> 
     </span>
    </p>
   </div>
   <div class='ocr_carea' id='block_1_108' title="bbox 1929 5056 3505 5124">
    <p class='ocr_par' dir='ltr' id='par_1_108' title="bbox 1929 5056 3505 5124">
     <span class='ocr_line' id='line_1_108' title="bbox 1929 5056 3505 5124; baseline -0.001 -14"><span class='ocrx_word' id='word_1_741' title='bbox 1929 5067 2104 5114; x_wconf 87' lang='lat' dir='ltr'><strong>strqu</strong></span> <span class='ocrx_word' id='word_1_742' title='bbox 2152 5056 2240 5108; x_wconf 85' lang='lat' dir='ltr'><strong>hic</strong></span> <span class='ocrx_word' id='word_1_743' title='bbox 2283 5056 2548 5110; x_wconf 86' lang='lat' dir='ltr'><strong>describit</strong></span> <span class='ocrx_word' id='word_1_744' title='bbox 2587 5057 2940 5110; x_wconf 72' lang='lat' dir='ltr'><strong>sacrificium.</strong></span> <span class='ocrx_word' id='word_1_745' title='bbox 2996 5058 3091 5112; x_wconf 81' lang='lat' dir='ltr'><strong>Est</strong></span> <span class='ocrx_word' id='word_1_746' title='bbox 3143 5058 3287 5112; x_wconf 88' lang='lat' dir='ltr'><strong>enim</strong></span> <span class='ocrx_word' id='word_1_747' title='bbox 3331 5057 3505 5124; x_wconf 78' lang='grc' dir='ltr'>λῆξις.</span> 
     </span>
    </p>
   </div>
   <div class='ocr_carea' id='block_1_109' title="bbox 1940 5127 3504 5197">
    <p class='ocr_par' dir='ltr' id='par_1_109' title="bbox 1940 5127 3504 5197">
     <span class='ocr_line' id='line_1_109' title="bbox 1940 5127 3504 5197; baseline 0.001 -19"><span class='ocrx_word' id='word_1_748' title='bbox 1940 5128 2116 5197; x_wconf 79' lang='grc' dir='ltr'>μερίς,</span> <span class='ocrx_word' id='word_1_749' title='bbox 2138 5128 2214 5179; x_wconf 84' lang='grc' dir='ltr'>ιιιί</span> <span class='ocrx_word' id='word_1_750' title='bbox 2249 5127 2450 5197; x_wconf 79' lang='lat' dir='ltr'><strong>Stiidas</strong></span> <span class='ocrx_word' id='word_1_751' title='bbox 2479 5127 2724 5197; x_wconf 73' lang='lat' dir='ltr'><strong>exponit,</strong></span> <span class='ocrx_word' id='word_1_752' title='bbox 2761 5127 2987 5195; x_wconf 87' lang='lat' dir='ltr'><strong>etquod</strong></span> <span class='ocrx_word' id='word_1_753' title='bbox 3013 5128 3138 5197; x_wconf 92' lang='lat' dir='ltr'><strong>quis</strong></span> <span class='ocrx_word' id='word_1_754' title='bbox 3158 5128 3392 5182; x_wconf 86' lang='lat' dir='ltr'><strong>sortitur</strong></span> <span class='ocrx_word' id='word_1_755' title='bbox 3421 5127 3504 5179; x_wconf 84' lang='lat' dir='ltr'><strong>ci-</strong></span> 
     </span>
    </p>
   </div>
   <div class='ocr_carea' id='block_1_110' title="bbox 1937 5195 3503 5267">
    <p class='ocr_par' dir='ltr' id='par_1_110' title="bbox 1937 5195 3503 5267">
     <span class='ocr_line' id='line_1_110' title="bbox 1937 5195 3503 5267; baseline -0.001 -16"><span class='ocrx_word' id='word_1_756' title='bbox 1937 5195 2044 5267; x_wconf 60' lang='lat' dir='ltr'><strong>tiue</strong></span> <span class='ocrx_word' id='word_1_757' title='bbox 2075 5196 2311 5266; x_wconf 80' lang='lat' dir='ltr'><strong>obtingit</strong></span> <span class='ocrx_word' id='word_1_758' title='bbox 2345 5213 2409 5250; x_wconf 89' lang='lat' dir='ltr'><strong>ac</strong></span> <span class='ocrx_word' id='word_1_759' title='bbox 2438 5195 2580 5250; x_wconf 86' lang='lat' dir='ltr'><strong>illius</strong></span> <span class='ocrx_word' id='word_1_760' title='bbox 2615 5197 2756 5265; x_wconf 81' lang='lat' dir='ltr'><strong>juris</strong></span> <span class='ocrx_word' id='word_1_761' title='bbox 2785 5195 3045 5251; x_wconf 46' lang='lat' dir='ltr'><strong>exsistitI</strong></span> <span class='ocrx_word' id='word_1_762' title='bbox 3067 5198 3186 5252; x_wconf 86' lang='lat' dir='ltr'><strong>Non</strong></span> <span class='ocrx_word' id='word_1_763' title='bbox 3227 5198 3366 5251; x_wconf 89' lang='lat' dir='ltr'><strong>bene</strong></span> <span class='ocrx_word' id='word_1_764' title='bbox 3396 5198 3503 5250; x_wconf 87' lang='lat' dir='ltr'><strong>ita-</strong></span> 
     </span>
    </p>
   </div>
   <div class='ocr_carea' id='block_1_111' title="bbox 1935 5267 3505 5337">
    <p class='ocr_par' dir='ltr' id='par_1_111' title="bbox 1935 5267 3505 5337">
     <span class='ocr_line' id='line_1_111' title="bbox 1935 5267 3505 5337; baseline 0 -17"><span class='ocrx_word' id='word_1_765' title='bbox 1935 5284 2041 5337; x_wconf 89' lang='lat' dir='ltr'><strong>que</strong></span> <span class='ocrx_word' id='word_1_766' title='bbox 2066 5267 2246 5337; x_wconf 82' lang='lat' dir='ltr'><strong>Picus,</strong></span> <span class='ocrx_word' id='word_1_767' title='bbox 2283 5267 2354 5318; x_wconf 81' lang='lat' dir='ltr'><strong>ad</strong></span> <span class='ocrx_word' id='word_1_768' title='bbox 2379 5267 2610 5320; x_wconf 84' lang='lat' dir='ltr'><strong>divinam</strong></span> <span class='ocrx_word' id='word_1_769' title='bbox 2650 5275 2846 5320; x_wconf 77' lang='lat' dir='ltr'><strong>sortem</strong></span> <span class='ocrx_word' id='word_1_770' title='bbox 2901 5268 3318 5337; x_wconf 74' lang='lat' dir='ltr'><strong>consequendum</strong></span> <span class='ocrx_word' id='word_1_771' title='bbox 3347 5283 3364 5320; x_wconf 92' lang='lat'><strong><em>:</em></strong></span> <span class='ocrx_word' id='word_1_772' title='bbox 3393 5282 3505 5337; x_wconf 86' lang='lat' dir='ltr'><strong>non</strong></span> 
     </span>
    </p>
   </div>
   <div class='ocr_carea' id='block_1_112' title="bbox 1934 5335 3506 5406">
    <p class='ocr_par' dir='ltr' id='par_1_112' title="bbox 1934 5335 3506 5406">
     <span class='ocr_line' id='line_1_112' title="bbox 1934 5335 3506 5406; baseline 0 -16"><span class='ocrx_word' id='word_1_773' title='bbox 1934 5335 2082 5390; x_wconf 84' lang='lat' dir='ltr'><strong>enim</strong></span> <span class='ocrx_word' id='word_1_774' title='bbox 2115 5336 2461 5403; x_wconf 85' lang='lat' dir='ltr'><strong>adjunctum,</strong></span> <span class='ocrx_word' id='word_1_775' title='bbox 2498 5351 2623 5389; x_wconf 90' lang='lat' dir='ltr'><strong>eum</strong></span> <span class='ocrx_word' id='word_1_776' title='bbox 2675 5351 2898 5390; x_wconf 91' lang='lat' dir='ltr'><strong>sensum</strong></span> <span class='ocrx_word' id='word_1_777' title='bbox 2940 5335 3180 5406; x_wconf 79' lang='lat' dir='ltr'><strong>patitur;</strong></span> <span class='ocrx_word' id='word_1_778' title='bbox 3217 5335 3323 5392; x_wconf 91' lang='lat' dir='ltr'><strong>etsi</strong></span> <span class='ocrx_word' id='word_1_779' title='bbox 3368 5336 3506 5390; x_wconf 88' lang='lat' dir='ltr'><strong>alias</strong></span> 
     </span>
    </p>
   </div>
   <div class='ocr_carea' id='block_1_113' title="bbox 1935 5405 3505 5476">
    <p class='ocr_par' dir='ltr' id='par_1_113' title="bbox 1935 5405 3505 5476">
     <span class='ocr_line' id='line_1_113' title="bbox 1935 5405 3505 5476; baseline -0.001 -16"><span class='ocrx_word' id='word_1_780' title='bbox 1935 5407 2029 5461; x_wconf 92' lang='lat' dir='ltr'><strong>illa</strong></span> <span class='ocrx_word' id='word_1_781' title='bbox 2062 5423 2164 5476; x_wconf 60' lang='lat' dir='ltr'><strong>vos</strong></span> <span class='ocrx_word' id='word_1_782' title='bbox 2194 5406 2373 5474; x_wconf 90' lang='lat' dir='ltr'><strong>ipsum</strong></span> <span class='ocrx_word' id='word_1_783' title='bbox 2399 5405 2682 5476; x_wconf 84' lang='lat' dir='ltr'><strong>admittat;</strong></span> <span class='ocrx_word' id='word_1_784' title='bbox 2717 5407 2900 5476; x_wconf 88' lang='lat' dir='ltr'><strong>sitque</strong></span> <span class='ocrx_word' id='word_1_785' title='bbox 2925 5405 3052 5462; x_wconf 70' lang='lat' dir='ltr'><strong>vere</strong></span> <span class='ocrx_word' id='word_1_786' title='bbox 3088 5407 3232 5461; x_wconf 91' lang='lat' dir='ltr'><strong>Deus</strong></span> <span class='ocrx_word' id='word_1_787' title='bbox 3261 5406 3377 5475; x_wconf 89' lang='lat' dir='ltr'><strong>ipse</strong></span> <span class='ocrx_word' id='word_1_788' title='bbox 3402 5419 3505 5476; x_wconf 85' lang='lat' dir='ltr'><strong>no-</strong></span> 
     </span>
    </p>
   </div>
   <div class='ocr_carea' id='block_1_114' title="bbox 1931 5475 3503 5546">
    <p class='ocr_par' dir='ltr' id='par_1_114' title="bbox 1931 5475 3503 5546">
     <span class='ocr_line' id='line_1_114' title="bbox 1931 5475 3503 5546; baseline -0.001 -16"><span class='ocrx_word' id='word_1_789' title='bbox 1931 5487 2047 5530; x_wconf 89' lang='lat' dir='ltr'><strong>stra</strong></span> <span class='ocrx_word' id='word_1_790' title='bbox 2069 5475 2338 5542; x_wconf 76' lang='grc' dir='ltr'>λῆξις,τδ.</span> <span class='ocrx_word' id='word_1_791' title='bbox 2362 5475 2579 5538; x_wconf 81' lang='grc' dir='ltr'>παῦσις,</span> <span class='ocrx_word' id='word_1_792' title='bbox 2617 5475 2669 5529; x_wconf 89' lang='lat' dir='ltr'><strong>id</strong></span> <span class='ocrx_word' id='word_1_793' title='bbox 2692 5486 2794 5540; x_wconf 90' lang='lat' dir='ltr'><strong>est,</strong></span> <span class='ocrx_word' id='word_1_794' title='bbox 2811 5475 3122 5540; x_wconf 21' lang='lat' dir='ltr'><strong>’Izmreditas,</strong></span> <span class='ocrx_word' id='word_1_795' title='bbox 3152 5475 3503 5546; x_wconf 84' lang='grc' dir='ltr'>κληρονομία,</span> 
     </span>
    </p>
   </div>
   <div class='ocr_carea' id='block_1_115' title="bbox 1934 5546 3508 5615">
    <p class='ocr_par' dir='ltr' id='par_1_115' title="bbox 1934 5546 3508 5615">
     <span class='ocr_line' id='line_1_115' title="bbox 1934 5546 3508 5615; baseline -0.001 -17"><span class='ocrx_word' id='word_1_796' title='bbox 1934 5546 2054 5615; x_wconf 87' lang='lat' dir='ltr'><strong>ipso</strong></span> <span class='ocrx_word' id='word_1_797' title='bbox 2084 5546 2254 5600; x_wconf 88' lang='lat' dir='ltr'><strong>Suida</strong></span> <span class='ocrx_word' id='word_1_798' title='bbox 2305 5547 2634 5610; x_wconf 82' lang='lat' dir='ltr'><strong>interprete;</strong></span> <span class='ocrx_word' id='word_1_799' title='bbox 2663 5546 3005 5614; x_wconf 83' lang='lat' dir='ltr'><strong>dieimusquc</strong></span> <span class='ocrx_word' id='word_1_800' title='bbox 3061 5555 3281 5600; x_wconf 88' lang='lat' dir='ltr'><strong>sanctos</strong></span> <span class='ocrx_word' id='word_1_801' title='bbox 3330 5562 3508 5612; x_wconf 78' lang='grc' dir='ltr'>μακα-</span> 
     </span>
    </p>
   </div>
   <div class='ocr_carea' id='block_1_116' title="bbox 1937 5615 3504 5685">
    <p class='ocr_par' dir='ltr' id='par_1_116' title="bbox 1937 5615 3504 5685">
     <span class='ocr_line' id='line_1_116' title="bbox 1937 5615 3504 5685; baseline 0.002 -19"><span class='ocrx_word' id='word_1_802' title='bbox 1937 5617 2057 5684; x_wconf 80' lang='grc' dir='ltr'>ρίαν</span> <span class='ocrx_word' id='word_1_803' title='bbox 2085 5616 2260 5681; x_wconf 63' lang='grc' dir='ltr'>λῆξιν,</span> <span class='ocrx_word' id='word_1_804' title='bbox 2322 5618 2499 5668; x_wconf 63' lang='lat' dir='ltr'><strong>beatus</strong></span> <span class='ocrx_word' id='word_1_805' title='bbox 2539 5617 2683 5669; x_wconf 76' lang='lat' dir='ltr'><strong>sedes</strong></span> <span class='ocrx_word' id='word_1_806' title='bbox 2728 5616 2957 5685; x_wconf 90' lang='lat' dir='ltr'><strong>adeptos</strong></span> <span class='ocrx_word' id='word_1_807' title='bbox 3013 5631 3154 5670; x_wconf 87' lang='lat' dir='ltr'><strong>esse.</strong></span> <span class='ocrx_word' id='word_1_808' title='bbox 3203 5615 3316 5669; x_wconf 82' lang='lat' dir='ltr'><strong>Nec</strong></span> <span class='ocrx_word' id='word_1_809' title='bbox 3363 5615 3504 5669; x_wconf 69' lang='lat' dir='ltr'><strong>hinc</strong></span> 
     </span>
    </p>
   </div>
   <div class='ocr_carea' id='block_1_117' title="bbox 1935 5685 3505 5752">
    <p class='ocr_par' dir='ltr' id='par_1_117' title="bbox 1935 5685 3505 5752">
     <span class='ocr_line' id='line_1_117' title="bbox 1935 5685 3505 5752; baseline -0.002 -13"><span class='ocrx_word' id='word_1_810' title='bbox 1935 5685 2132 5740; x_wconf 75' lang='lat' dir='ltr'><strong>Portus</strong></span> <span class='ocrx_word' id='word_1_811' title='bbox 2175 5686 2312 5739; x_wconf 87' lang='lat' dir='ltr'><strong>illud</strong></span> <span class='ocrx_word' id='word_1_812' title='bbox 2353 5686 2506 5739; x_wconf 88' lang='lat' dir='ltr'><strong>Suid.</strong></span> <span class='ocrx_word' id='word_1_813' title='bbox 2539 5686 2715 5752; x_wconf 67' lang='grc' dir='ltr'>λῆξις,</span> <span class='ocrx_word' id='word_1_814' title='bbox 2749 5687 2968 5748; x_wconf 72' lang='grc' dir='ltr'>παυσις,</span> <span class='ocrx_word' id='word_1_815' title='bbox 3009 5687 3248 5748; x_wconf 63' lang='lat' dir='ltr'><strong>cessatio,</strong></span> <span class='ocrx_word' id='word_1_816' title='bbox 3281 5685 3505 5747; x_wconf 76' lang='lat' dir='ltr'><strong>sedatio,</strong></span> 
     </span>
    </p>
   </div>
   <div class='ocr_carea' id='block_1_118' title="bbox 1935 5756 3506 5826">
    <p class='ocr_par' dir='ltr' id='par_1_118' title="bbox 1935 5756 3506 5826">
     <span class='ocr_line' id='line_1_118' title="bbox 1935 5756 3506 5826; baseline 0 -18"><span class='ocrx_word' id='word_1_817' title='bbox 1935 5756 2160 5824; x_wconf 76' lang='lat' dir='ltr'><strong>exponit</strong></span> <span class='ocrx_word' id='word_1_818' title='bbox 2195 5775 2205 5809; x_wconf 91' lang='lat'>:</span> <span class='ocrx_word' id='word_1_819' title='bbox 2237 5756 2432 5810; x_wconf 71' lang='lat' dir='ltr'><strong>melius</strong></span> <span class='ocrx_word' id='word_1_820' title='bbox 2468 5757 2689 5824; x_wconf 73' lang='lat' dir='ltr'><strong>requies.</strong></span> <span class='ocrx_word' id='word_1_821' title='bbox 2721 5772 2838 5825; x_wconf 58' lang='lat' dir='ltr'><strong>qua:</strong></span> <span class='ocrx_word' id='word_1_822' title='bbox 2865 5756 2980 5826; x_wconf 89' lang='lat' dir='ltr'><strong>ipsa</strong></span> <span class='ocrx_word' id='word_1_823' title='bbox 3029 5765 3257 5820; x_wconf 58' lang='lat' dir='ltr'><strong>alterna,</strong></span> <span class='ocrx_word' id='word_1_824' title='bbox 3313 5765 3506 5810; x_wconf 68' lang='lat' dir='ltr'><strong>nostin</strong></span> 
     </span>
    </p>
   </div>
   <div class='ocr_carea' id='block_1_119' title="bbox 1937 5826 2582 5881">
    <p class='ocr_par' dir='ltr' id='par_1_119' title="bbox 1937 5826 2582 5881">
     <span class='ocr_line' id='line_1_119' title="bbox 1937 5826 2582 5881; baseline 0 -3"><span class='ocrx_word' id='word_1_825' title='bbox 1937 5826 1988 5879; x_wconf 65' lang='lat' dir='ltr'><strong>in</strong></span> <span class='ocrx_word' id='word_1_826' title='bbox 2029 5829 2137 5880; x_wconf 79' lang='lat' dir='ltr'><strong>Deo</strong></span> <span class='ocrx_word' id='word_1_827' title='bbox 2171 5827 2582 5881; x_wconf 61' lang='lat' dir='ltr'><strong>lircreiiitascst.</strong></span> 
     </span>
    </p>
   </div>
  </div>
