4184 6436
264 438 401 502 1⁸373

263 641 662 696 ἀποκαλύπτων
700 643 885 703 αὐτοῖς
924 642 1014 693 διὰ
1051 644 1149 710 τῆς
1186 642 1422 711 ἀληθοῦς
1462 643 1833 711 ἐπιγνώσεως,

261 735 387 795 τοὺς
412 733 490 803 τῷ
528 733 676 803 ζόφῳ
702 736 796 801 τῆς
828 734 1052 800 ἀγνοίας
1082 735 1496 802 ὲπιμεμυκότας
1524 735 1836 803 ὀφθαλμοὺς

261 826 362 894 τῆς
409 825 671 888 διανοίας,
720 826 812 877 καὶ
866 826 1017 887 θείας
1058 826 1283 893 ἀγωγῆς
1336 825 1498 877 πάλιν
1541 827 1837 895 ἑτοιμάσας

265 917 457 969 ἑαυτὸν
485 920 597 980 τοῖς
635 920 842 980 πιστοῖς
873 918 1044 980 λαοῖς,
1074 918 1277 984 ἀγαθὸν
1314 918 1518 987 ἀρετῆς
1560 917 1837 987 ὲξεμπλά-

269 1022 409 1074 ριον,
440 1006 739 1076 προσώπου
772 1006 865 1058 τοῦ
902 1008 1023 1060 κατ’
1067 1007 1289 1078 ἀρετὴν,
1334 1007 1697 1078 ὑπογραμμδς
1738 1010 1837 1061 αὑ-

263 1098 379 1160 τοῖς
409 1099 702 1167 γενόμενος
734 1098 828 1151 καὶ
857 1098 1229 1165 ὑποτύπωσις,
1272 1098 1405 1168 πρὸς
1427 1098 1484 1150 ὃν
1524 1100 1838 1171 ἀφορῶντες

264 1187 343 1253 ὡς
373 1190 615 1260 ἀρχηγὸν
643 1190 742 1261 τῆς
777 1190 1051 1261 σωτηρίας
1092 1190 1271 1262 ἡμῶν,
1316 1191 1414 1254 τὰς
1452 1192 1657 1260 ἀρετὰς
1696 1192 1839 1246 κατά

268 1280 519 1351 μίμησιν,
560 1282 635 1345 ὡς
674 1284 803 1353 ἡμῖν
850 1286 967 1337 ἐστι
1015 1283 1272 1348 δυνατὸν,
1326 1284 1703 1354 κατορθοῦμεν
1752 1285 1839 1339 διά

263 1370 365 1439 τῆς
395 1371 667 1440 πράξεως.

340 1458 401 1523 ξ’.
432 1461 546 1523 Πᾶς
579 1464 606 1514 ὁ
634 1462 721 1515 διὰ
754 1462 947 1529 φθόνον
979 1462 1153 1532 μισῶν
1179 1466 1273 1517 καὶ
1301 1464 1487 1527 κακῶς
1533 1464 1838 1536 διαθρυλῶν

262 1552 386 1615 ταῖς
442 1552 715 1617 διαϐολαῖς
753 1554 844 1607 τὶν
878 1556 933 1607 ἐν
965 1557 1077 1617 τοῖς
1103 1556 1276 1623 ἀγῶσι
1315 1556 1423 1608 τῶν
1467 1558 1698 1627 ἀρετῶν,
1744 1559 1839 1612 καὶ

262 1645 332 1713 τῇ
368 1645 656 1718 περιουσίᾳ
704 1647 799 1699 τοῦ
841 1648 999 1716 λόγου
1042 1651 1140 1718 τῆς
1177 1652 1548 1720 πνευματικῆς
1582 1651 1839 1718 γνώσεως

261 1736 650 1809 δυνατώτερον,
714 1740 884 1793 Σαούλ
929 1742 1047 1793 ἐστι
1089 1740 1312 1812 πονηρῷ
1370 1743 1838 1812 καταπνιγὸμενος

263 1833 558 1901 πνεύματι,
598 1835 671 1904 μὴ
708 1835 888 1904 φέρων
933 1837 995 1888 τὸ
1028 1837 1183 1899 κλέος
1217 1837 1315 1906 τῆς
1355 1837 1475 1889 κατ’
1507 1838 1707 1908 ἀρετὴν
1742 1840 1838 1891 καὶ

261 1924 466 1989 γνῶσιν
498 1926 844 1994 εὐδαιμονίας
874 1925 970 1977 τοῦ
1008 1926 1353 1994 κρείττονος·
1406 1927 1500 1980 καὶ
1555 1928 1640 1980 διὰ
1688 1928 1843 1981 τοῦτο

267 2015 433 2067 πλέον
467 2017 813 2086 μαινόμενος,
874 2018 955 2070 ὅτι
1009 2016 1082 2086 μὴ
1138 2017 1363 2071 δύναται
1408 2018 1499 2071 τὸν
1552 2020 1844 2090 εὐεργέτην

261 2105 723 2175 διαχειρίσασθαι.
756 2108 1024 2173 Πολλάκις
1048 2110 1102 2163 δὲ
1143 2112 1236 2163 καὶ
1265 2110 1424 2164 αὑτὸν
1458 2110 1844 2179 ἀποπέμπεται

264 2196 482 2265 πικρῶς
535 2198 625 2249 τὸν
673 2198 928 2266 φίλτατον
972 2200 1245 2259 Ἰωνάθαν,
1288 2199 1379 2253 τὸν
1422 2201 1662 2269 ἔμφυτον
1703 2201 1844 2269 λέγω

263 2286 411 2339 κατά
437 2287 740 2358 συνείδησιν
757 2289 1033 2359 λογισμὸν,
1055 2289 1116 2342 τὸ
1142 2290 1325 2344 ἄδικον
1355 2292 1511 2359 μῖσος
1530 2289 1841 2360 ἐλέγχοντα,

267 2380 367 2431 καὶ
422 2378 517 2431 τοῦ
584 2384 916 2450 μισουμένου
976 2381 1284 2452 φιλαλήθως
1344 2382 1725 2453 ἀφηγούμενον
1776 2382 1846 2435 τὰ

269 2471 696 2541 κατορθώματα.

344 2563 445 2629 Ea’.
478 2564 960 2635 Παρακαλέσωμεν
1000 2566 1093 2619 καὶ
1121 2567 1281 2635 ἡμεῖς
1308 2565 1399 2619 τὸν
1437 2568 1628 2636 νοητὸν
1657 2566 1842 2627 Δαϐἰδ,

265 2655 547 2724 ἑπηχῆσαι
576 2659 640 2725 τῇ
670 2657 873 2727 κιθάρα
914 2660 1010 2726 τῆς
1049 2658 1427 2728 πνευματικῆς
1468 2657 1703 2729 θεωρίας
1751 2660 1846 2713 καὶ

264 2742 547 2809 γνώσεως,
584 2744 1088 2814 ἐπιληπτευόμενον
1128 2748 1241 2808 τοῖς
1267 2745 1472 2809 ὑλικοῖς
1495 2746 1567 2817 (Ic;
1596 2747 1685 2799 τὸν
1714 2749 1846 2817 ἡμέ-

265 2851 429 2903 τερον
462 2835 610 2900 νοῦν,
643 2836 739 2888 καὶ
784 2836 1054 2889 ἀπελάσαι
1102 2836 1162 2889 τὸ
1206 2838 1444 2909 πονηρὸν
1483 2839 1699 2909 πνεῦμα
1748 2843 1846 2912 τῆς

267 2928 407 2997 πρὸς
447 2927 699 2998 αἴσθησιν
730 2928 921 2997 ὑλικῆς
970 2930 1345 2998 περιπετείας,
1393 2930 1479 2983 ἵνα
1529 2930 1845 3001 δυνηθῶμεν

268 3018 469 3086 νοῆσαι
525 3017 613 3070 τὸν
663 3018 827 3085 νόμον
873 3021 1281 3088 πνευματικῶς,
1340 3021 1555 3074 καὶτὸν
1598 3024 1655 3074 ὲν
1698 3024 1847 3092 αὐτῷ

268 3111 657 3181 κεκρυμμένον
706 3112 865 3179 λόγον
930 3114 1192 3182 μυστικὸν
1243 3115 1448 3183 εὑρεῖν,
1505 3117 1599 3169 καὶ
1658 3115 1846 3185 κτῆμα

267 3202 603 3270 ποιήσασθαι
630 3204 852 3273 διαρκὲς
891 3205 1025 3273 πρὸς
1059 3205 1267 3271 ἐφόδιον
1305 3204 1449 3275 ζωῆς
1476 3194 1669 3261 ἀϊδίου.

343 3294 441 3362 ξβι.
495 3295 607 3356 lli;
644 3297 671 3346 ὁ
716 3294 991 3364 σωτηρίας
1025 3295 1187 3364 ἐρῶν,
1230 3295 1262 3366 ἢ
1305 3296 1499 3366 πράξει
1552 3299 1771 3359 πάντως
1809 3297 1842 3366 ἢ

266 3387 475 3456 θεωρία
507 3387 851 3457 προσανέχει.
912 3388 1138 3457 Ἀρετῆς
1186 3386 1294 3457 γὰρ
1329 3390 1421 3439 καὶ
1462 3387 1713 3455 γνώσεως
1738 3407 1847 3457 χω-

269 3476 379 3546 ρὶς,
407 3476 656 3545 οὐδαμῶς
684 3476 858 3538 οὐδεὶς
887 3476 1105 3529 πώποτε
1128 3480 1311 3559 τφχεῖν
1341 3479 1611 3548 σωτηρίας
1632 3478 1848 3547 δεδύνη-

262 3584 391 3619 ται·
423 3568 580 3637 είπερ
610 3568 810 3638 ἀρετῆς
847 3568 965 3633 μὲν,
1003 3570 1062 3621 τὸ
1090 3568 1311 3622 τάσσειν
1339 3570 1441 3640 τὴν
1466 3571 1558 3622 τοῦ
1595 3569 1845 3639 σώματος

264 3660 501 3728 κίνησιν,
528 3656 638 3711 οἷον
670 3660 872 3729 χαλινῷ
902 3678 1007 3713 τινι
1036 3660 1110 3729 τῷ
1144 3661 1288 3730 ὀρθῷ
1319 3661 1567 3730 λογισμῷ
1590 3663 1686 3731 τῆς
1713 3662 1845 3730 πρὸς

261 3752 498 3803 ἀτοπίαν
542 3755 715 3820 φορᾶς
748 3754 1126 3823 ἐπιστημόνως
1175 3753 1626 3823 ἀναχαιτιζούσης
1652 3771 1664 3783 ⁸
1714 3754 1846 3806 θεω-

266 3841 395 3910 ρίας
434 3842 511 3905 δὲ,
569 3843 629 3895 τὸ
676 3843 744 3896 τὰ
806 3843 989 3906 καλῶς
1035 3844 1301 3913 νοηθέντα
1342 3862 1401 3897 τε
1443 3845 1537 3898 καὶ
1586 3843 1844 3914 κριθέντα

262 3934 559 4003 ἐμφρόνως
586 3934 864 4005 αἱρεῖσθαι
884 3935 1238 4006 ψηφίζεσθαι.

346 4108 448 4175 ξγ’.
496 4107 715 4179 Ἐπειδὴ
755 4111 938 4181 νοερὸν
983 4112 1078 4181 μέν
1107 4112 1222 4163 ἐστι
1246 4110 1306 4163 τὸ
1342 4111 1520 4175 νοοῦν,
1559 4112 1749 4181 νοητὸν
1786 4112 1845 4164 δὲ

262 4200 329 4253 τὸ
354 4199 665 4268 νοούμενον,
701 4206 875 4272 τροφὴ
907 4202 960 4254 δὲ
994 4204 1086 4255 καὶ
1112 4198 1222 4254 οἷον
1267 4202 1531 4265 σύστασις
1550 4202 1644 4255 τοῦ
1669 4205 1847 4256 νοοῦν-

258 4311 361 4355 τος
388 4294 448 4345 τὸ
474 4294 799 4363 νοούμενονο
854 4296 1078 4358 εἰκότως
1132 4299 1159 4348 ὁ
1202 4296 1332 4358 Θεὸς
1368 4295 1462 4348 ἅτε
1508 4298 1643 4349 νόων
1674 4298 1843 4351 ὄντων

259 4382 375 4436 τῶν
412 4384 742 4453 ἀσωμάτων,
776 4385 938 4445 αὐτὸς
968 4384 1272 4455 νοούμενος,
1303 4386 1395 4437 καὶ
1445 4387 1633 4456 νοητὸς
1663 4389 1845 4451 αὐτοῖς

262 4474 391 4526 καθ’
443 4476 563 4527 ὅσον
620 4476 968 4541 ἐφικνοῦνται
1025 4476 1345 4542 γινόμενος,
1396 4476 1597 4528 ἔσωθεν
1645 4479 1845 4541 αὐτοὺς

261 4566 558 4637 ἐλλάμπει,
591 4570 682 4620 τοῦ
712 4568 800 4619 νοῦ
836 4569 1082 4631 νοοῦντός
1115 4586 1171 4619 τε
1202 4569 1297 4621 καὶ
1322 4569 1679 4638 τρεπομένου.

339 4746 433 4810 ξδ’.
479 4746 703 4817 Ἐτερόν
753 4748 868 4798 ἐστι
907 4746 1115 4815 νοητὸν,
1159 4749 1250 4798 καὶ
1293 4746 1479 4813 ἕτερον
1510 4746 1716 4814 νοερόν.
1771 4748 1844 4799 Τὸ

259 4838 374 4906 γὰρ
397 4838 607 4907 νοητὸν,
640 4839 811 4908 τροφὴ
858 4832 946 4890 οἷά
984 4855 1086 4900 τις,
1131 4837 1206 4899 ώς
1242 4837 1477 4906 εἴρηται,
1520 4836 1615 4888 τοῦ
1658 4839 1845 4907 νοεροῦ

340 4956 385 4987 ⁸⁸
410 4956 543 5010 Luc.
578 4972 635 5020 ιι,
663 4956 753 5010 32.

340 5069 412 5139 (k)
455 5070 1042 5138 Ἐπιληπτευόμενον
1088 5071 1214 5134 τοῖς
1249 5068 1503 5134 ὐλικοῖς.
1535 5070 1639 5134 Qui
1685 5074 1837 5127 velut

255 5143 537 5203 (heluonc,
579 5142 661 5194 sic
691 5142 928 5195 terrenis
955 5156 1259 5210 eorumque
1283 5154 1493 5210 amore
1560 5149 1832 5208 teneatur,

251 5212 678 5279 arreptitiorum
703 5226 881 5275 more;
917 5212 1046 5266 dum
1080 5209 1183 5265 hoc
1208 5209 1423 5263 animus
1447 5210 1561 5277 ipse
1607 5212 1835 5279 patitur,

250 5279 414 5350 quod
448 5281 595 5335 Saul.
623 5296 855 5350 corpore
882 5298 910 5334 a
932 5282 1200 5343 daemone,
1229 5296 1257 5333 a
1286 5295 1395 5350 quo
1434 5279 1625 5350 mitius
1669 5282 1838 5337 habe-

250 5348 383 5409 ΒΜ.
446 5350 650 5405 Davide
686 5348 937 5419 pulsante
976 5353 1263 5405 citharam.
1322 5349 1437 5402 Non
1474 5348 1613 5419 bene
1648 5352 1833 5419 Picus,

250 5419 436 5474 Rebus
469 5418 852 5492 materialibus.
884 5423 1035 5492 quasi
1061 5425 1239 5477 morbo
1263 5418 1515 5492 comitiali
1548 5418 1834 5492 laboranti,

249 5505 390 5562 quae
418 5499 496 5562 est
533 5491 707 5545 altera
732 5490 904 5562 hujus
927 5494 1080 5547 vocis
1117 5490 1387 5562 acceptio,
1434 5491 1678 5544 secundo
1718 5494 1837 5548 loco

251 5560 538 5642 ﬂcsyehio
571 5562 769 5642 posita,
797 5560 888 5642 καὶ
915 5566 942 5615 ὁ
974 5566 1038 5633 τῇ
1078 5562 1197 5642 ἱερᾷ
1228 5561 1390 5642 ’νόσω
1445 5562 1833 5642 συνεχᾲμενος·

247 5628 369 5693 Qui
389 5646 539 5682 sacro
572 5627 773 5694 inorbo,
801 5632 853 5685 id
875 5642 978 5696 est,
1000 5627 1283 5692 comitiali,
1317 5627 1541 5681 laborat.
1574 5627 1667 5683 Sic
1687 5634 1835 5685 enim

246 5698 679 5773 laborantiunon
707 5702 933 5773 prodest
960 5702 1171 5773 mystici
1210 5699 1430 5773 Davidi‘s
1471 5698 1700 5763 cithara,
1754 5703 1833 5756 uti

244 5782 371 5825 nec
430 5768 579 5824 Sauli
627 5768 940 5839 profuisset,
980 5768 1032 5827 si
1080 5772 1170 5826 hic
1194 5772 1314 5839 ejus
1337 5768 1533 5822 fuisset
1582 5773 1831 5835 morbus,

242 5854 392 5895 cum
414 5849 644 5897 auctore
676 5840 933 5898 Traliano
958 5852 1015 5898 et
1042 5839 1387 5913 experientia
1411 5846 1567 5911 teste,
1602 5840 1681 5896 sic
1706 5858 1830 5897 cor-

972 439 1307 500 CAPITUM
1347 439 1773 511 QUINQUIES
1811 438 2329 501 CENTENORUM
2369 439 2757 503 CENTURIA
2795 442 2859 503 ν.

330 553 427 607 VO’.
459 552 578 615 Φῶς
609 553 751 605 ἔστιν
788 553 863 616 ὡς
898 553 1115 622 ἀληθῶς
1142 553 1312 606 ὲθνῶν
1352 557 1379 607 ὁ
1423 555 1625 624 Κύριος
1654 555 1832 626 ἡμῶν,
1870 561 1910 613 Α

831 4955 875 4986 ⁸⁸
908 4954 1072 5008 Hebr.
1109 4970 1199 5018 xu,
1230 4954 1283 5007 2.
1360 4953 1405 4984 “
1433 4952 1452 5006 l
1491 4953 1622 5022 Reg.
1656 4970 1744 5017 xx,
1776 4957 1864 5012 50.

3385 437 3520 504 1374

2010 556 2097 610 59.
2137 556 2400 610 Dominus
2444 566 2633 609 noster
2668 557 2853 610 lumen
2889 562 2974 609 cst
3011 552 3261 623 gentium
3286 550 3353 612 ⁸⁸,
3385 568 3517 611 vere

1944 644 2161 699 clausos
2188 645 2512 715 ignorantia:
2536 645 2767 713 caligine
2812 644 3011 697 mentis
3046 642 3257 705 oculos,
3293 657 3436 696 verae
3461 643 3515 697 in

1942 733 2022 785 eis
2052 734 2346 803 agnitionis
2374 734 2493 787 luce
2529 740 2781 801 relegens
2812 746 2876 785 ac
2909 731 3181 799 aperiens,
3213 745 3519 799 rursusque

1943 823 2143 877 divina:
2171 825 2534 878 institutionis
2560 840 2623 877 ac
2650 823 2973 891 disciplinze,
3012 822 3126 890 ipse
3164 838 3222 877 se
3265 821 3521 876 fidelibus

1944 917 2163 985 populis
2195 915 2429 984 probum
2458 916 2670 985 paravit
2702 913 2923 968 virtutis
2953 912 3302 967 annulatione
3328 928 3517 967 exem-

1944 1010 2128 1078 plum;
2171 1007 2391 1061 virtutis
2435 1015 2626 1061 ornata
2664 1005 2832 1060 facies
2876 1019 2941 1058 ac
2984 1018 3173 1057 norma
3216 1002 3323 1057 illis
3377 1003 3517 1057 effe—

1944 1112 2099 1167 ctus;
2152 1100 2205 1153 in
2253 1116 2415 1169 quem
2444 1100 2793 1171 aspicientes,
2811 1098 2962 1151 velut
3006 1106 3288 1150 auctorem
3321 1111 3385 1149 ac
3414 1095 3521 1150 du-

1944 1209 2063 1248 cem
2120 1192 2313 1246 salutis
2367 1202 2569 1246 nostra:
2617 1192 2683 1253 ⁶¹⁵,
2733 1191 2969 1243 virtutes
3030 1189 3177 1242 illius
3230 1186 3518 1252 imitando,

1949 1284 2131 1355 quoad
2185 1285 2346 1339 nobis
2397 1298 2721 1338 concessum
2755 1291 2859 1345 est,
2900 1280 3133 1335 actionis
3175 1280 3327 1334 cultu
3377 1295 3519 1350 pra:-

1945 1388 2174 1433 stamus.

2014 1472 2099 1526 60.
2136 1471 2398 1540 Quisquis
2424 1485 2535 1539 pne
2586 1467 2789 1522 invidia
2833 1466 2949 1521 odit
2995 1480 3059 1520 ac
3105 1465 3246 1519 male
3299 1464 3521 1535 sugillat

1945 1558 2295 1627 detrahitque
2322 1556 2394 1621 ei,
2422 1557 2516 1626 qui
2540 1556 2759 1610 virtutis
2784 1552 3184 1609 certaminibus
3227 1551 3517 1606 abundan-

1947 1651 2129 1719 tiaque
2174 1649 2447 1703 sermonis
2488 1647 2755 1717 spiritalis
2805 1645 3051 1699 scientias
3098 1644 3379 1714 potentior
3411 1651 3517 1705 est,

1947 1744 2076 1799 Saul
2106 1753 2191 1797 est
2219 1741 2555 1812 nequissimo
2587 1753 2883 1808 oppressus
2905 1738 3124 1807 spiritu,
3152 1739 3273 1808 ejus
3303 1737 3397 1806 qui
3427 1736 3520 1791 illo

1946 1833 2292 1903 przeslantior
2312 1842 2415 1895 est,
2436 1830 2657 1886 virtutis
2673 1830 2841 1885 decus
2862 1838 2917 1883 et
2938 1828 3182 1884 scientia:
3203 1828 3519 1882 felicitatem

1879 1914 1915 1969 Β
1947 1926 2088 1980 ferre
2111 1943 2219 1979 non
2254 1926 2473 1989 valens;
2503 1924 2742 1991 hincque
2772 1924 3034 1990 majorem
3068 1921 3121 1975 in
3166 1920 3388 1975 modum
3420 1919 3519 1974 de-

1946 2018 2149 2071 mentia
2194 2017 2402 2079 furens,
2448 2015 2594 2083 quod
2635 2015 2814 2083 ipsum
2851 2013 2945 2082 qui
2977 2013 3270 2076 demeruit,
3306 2012 3520 2066 interfi-

1944 2126 2070 2165 cere
2092 2124 2203 2163 non
2228 2116 2426 2178 potest.
2461 2108 2573 2161 Nec
2603 2122 2724 2159 raro
2741 2104 3126 2159 eharissimum
3160 2103 3517 2159 Jonathanem

1944 2205 2080 2258 dure
2118 2201 2333 2271 repellit
2374 2201 2419 2232 “
2460 2199 2791 2267 (naturalem
2832 2198 3043 2251 scilicet
3095 2194 3387 2267 rationem)
3420 2195 3521 2250 ini-

1944 2311 2115 2363 quum
2164 2292 2351 2346 odium
2407 2290 2929 2359 reprehendentem,
2976 2287 3205 2357 ejusque
3252 2288 3347 2357 qui
3391 2286 3520 2342 odio

1946 2383 2239 2445 habeatur,
2296 2380 2465 2434 animi
2534 2378 2776 2434 candore
2840 2379 3103 2448 pricelara
3173 2378 3316 2433 facta
3380 2377 3522 2434 refe—

1948 2483 2182 2526 rentem.

2017 2564 2106 2619 6|.
2136 2563 2245 2617 Nos
2269 2577 2492 2632 quoque
2518 2560 2819 2632 spiritalem
2860 2558 3116 2614 Davidem
3142 2558 3518 2623 Obsecremus,

1946 2664 2007 2709 ut
2033 2654 2298 2723 spiritalis
2321 2651 2806 2722 contemplationis
2840 2666 2903 2705 ac
2939 2650 3186 2704 scientia:
3208 2649 3419 2703 cithara
3450 2650 3518 2716 ",

1948 2755 2295 2801 terrenarum
2328 2745 2528 2797 atl‘ectu
2566 2743 2873 2813 phanaticaa
2912 2741 3083 2795 menti
3109 2749 3311 2795 nostra:
3341 2756 3405 2795 ac
3433 2756 3524 2794 ar-

1947 2836 2185 2908 reptitia:
2210 2837 2449 2898 insonet,
2472 2850 2534 2889 ac
2560 2835 2956 2903 ncquissimum
2999 2833 3255 2903 Spiritum
3291 2841 3523 2888 terrenae

1947 2946 2141 2985 sensus
2164 2928 2443 2983 varietatis
2477 2927 2679 2998 abigat,
2717 2936 2775 2980 ut
2808 2926 3128 2996 spiritaliter
3153 2925 3314 2979 nobis
3346 2924 3521 2995 legem

1950 3022 2256 3092 intelligere
2288 3020 2469 3083 liccat,
2496 3020 2662 3089 inque
2698 3034 2763 3072 ea
2788 3018 3049 3072 latentem
3085 3017 3374 3087 mysticum
3402 3031 3521 3071 ser-
3601 3082 3604 3084 γ

1948 3131 2167 3170 monem
2213 3113 2504 3177 invenire;
2540 3127 2623 3177 ac,
2664 3108 2810 3179 quod
2842 3108 2978 3163 satis
3001 3109 3096 3177 sit,
3128 3108 3182 3163 in
3215 3108 3341 3162 vitae
3365 3117 3523 3163 teter-

1948 3224 2033 3262 nae
2053 3206 2312 3260 viaticum
2347 3219 2689 3274 comparare.

2020 3299 2109 3354 62.
2149 3297 2412 3366 Quisquis
2453 3294 2646 3353 salutis
2689 3308 2875 3347 amore
2910 3300 3153 3355 tenetur,
3184 3299 3281 3345 aut
3318 3290 3521 3346 actioni

1948 3405 2178 3461 prorsus
2252 3398 2346 3443 aut
2419 3384 2873 3453 contemplationi
2940 3382 3187 3436 animum
3260 3380 3517 3436 intendit.

1947 3482 2166 3551 Absque
2211 3481 2357 3534 enim
2414 3481 2619 3534 virtute
2667 3487 2724 3534 et
2773 3477 3026 3539 scientia,
3076 3490 3237 3530 nemo
3278 3487 3519 3543 unquam

1946 3574 2180 3627 salutem
2222 3571 2401 3641 potuit
2435 3570 2703 3640 adipisci;
2746 3569 2949 3638 quippe
2992 3582 3116 3623 eum
3163 3565 3386 3619 virtutis
3426 3564 3519 3629 sit,

1948 3673 2008 3717 ut
2037 3664 2287 3732 corporis
2319 3670 2529 3715 motum
2575 3670 2888 3729 componat,
2930 3675 3051 3728 quae
3082 3658 3339 3712 videlicet
3372 3657 3524 3710 velut

1949 3756 2105 3809 freno
2133 3732 2394 3823 quodam,
2438 3764 2587 3808 recta
2628 3752 3096 3813 consideratione,
3140 3766 3208 3804 ne
3239 3748 3305 3803 ad
3343 3749 3519 3818 turpia

1946 3861 2009 3899 ae
2038 3846 2309 3897 luxuriam
2332 3845 2629 3907 dilabatur,
2667 3846 2840 3914 perite
2867 3846 3037 3913 ipsam
3070 3843 3367 3905 cohibeat;
3392 3858 3523 3895 cun-

1949 3935 2321 4006 templationis
2344 3952 2497 3999 vero,
2535 3946 2597 3990 ut
2620 3936 2791 4005 probe
2829 3936 3103 3990 intellecta
3133 3950 3197 3989 ac
3222 3934 3521 4004 prudenter

1942 4029 2205 4098 judicata,
2241 4028 2491 4098 eligenda
2523 4028 2813 4082 decernat.

2015 4120 2177 4190 625
2225 4120 2313 4173 65.
2362 4119 2499 4173 Cum
2548 4119 2920 4172 intellectuale
2975 4115 3205 4187 (νοερὸν)
3253 4115 3325 4170 sit
3369 4114 3515 4183 quod

1948 4208 2242 4278 intelligit;
2288 4217 2342 4263 et
2371 4208 2658 4276 intelligile
2690 4205 2922 4279 (νοητὸν)
2970 4205 3113 4275 quod
3152 4204 3517 4273 intelligitur:

1946 4301 2065 4368 ejus
2091 4316 2222 4353 vero
2261 4300 2405 4369 quod
2451 4300 2709 4367 intelligit
2752 4300 3073 4352 alimentum
3105 4314 3171 4351 ac
3212 4297 3362 4350 velut
3392 4295 3524 4349 sub-

1948 4390 2147 4444 stantia
2191 4391 2283 4454 sit,
2328 4392 2472 4459 quod
2520 4392 2883 4460 intelligitur;
2930 4389 3129 4443 merito
3177 4389 3341 4448 Deus,
3396 4402 3523 4440 cum

1952 4482 2189 4550 Spiritus
2223 4492 2436 4537 mentes
2464 4484 2596 4546 sint,
2624 4484 2736 4552 ipse
2772 4483 3105 4546 intellectus,
3139 4496 3201 4535 ac
3233 4479 3409 4549 quoad
3440 4479 3524 4533 eis

1876 4610 1918 4665 Β
1951 4572 2169 4641 assequi
2210 4574 2360 4636 licet,
2399 4573 2465 4628 iis
2497 4572 2676 4627 factus
2703 4572 3086 4641 intelligibilis,
3108 4571 3341 4624 interius
3374 4569 3523 4638 ipsos

1946 4664 2206 4728 illustrat,
2248 4666 2327 4719 sic
2365 4673 2426 4717 ut
2464 4681 2619 4719 mens
2652 4674 2706 4719 et
2735 4664 3001 4733 intelligat
3024 4670 3080 4716 et
3112 4662 3309 4715 alatur.

2019 4756 2105 4809 Gl.
2140 4756 2303 4810 Aliud
2338 4764 2422 4810 est
2462 4756 2804 4826 intelligibilc
2838 4754 3072 4824 (νοητὸν)
3098 4763 3152 4807 et
3184 4751 3331 4807 aliud
3361 4750 3521 4804 intel-

1950 4846 2183 4901 lectuale
2214 4848 2461 4919 (νοερόν.)
2501 4849 2636 4903 illud
2664 4849 2834 4911 enim,
2867 4847 2946 4901 uti
2983 4846 3191 4901 dictum
3222 4852 3326 4908 est,
3356 4843 3522 4917 hujus

1943 4961 1985 4989 ⁸⁷
2018 4961 2037 5015 l
2070 4962 2203 5031 Reg.
2238 4978 2346 5025 xvr,
2385 4962 2471 5016 16.

1948 5079 2111 5147 repti,
2145 5096 2247 5133 nec
2300 5079 2545 5141 audiant,
2594 5094 2696 5133 nec
2749 5077 2994 5139 videant,
3055 5091 3157 5130 nec
3187 5074 3519 5147 intelligant,

1944 5146 2040 5201 sed
2097 5151 2343 5202 omnium
2382 5166 2644 5204 sensuum
2681 5149 2937 5202 facultate
2985 5146 3236 5200 destituti
3282 5146 3519 5214 jaceant,

1940 5218 2078 5272 nihil
2107 5220 2425 5273 differentes
2468 5237 2496 5273 a
2546 5219 2799 5272 mortuis.
2838 5219 2906 5271 At
2931 5233 3035 5271 nec
3060 5216 3343 5285 sequentia
3380 5216 3522 5270 bene

1940 5289 2173 5353 reddita,
2206 5290 2264 5341 τὸ
2295 5291 2528 5357 πονηρὸν
2548 5289 2764 5356 πνεῦμα
2796 5289 2894 5357 τῆς
2934 5288 3121 5355 ὑλικῆς
3146 5285 3520 5357 περιπετείας,

1941 5358 2239 5429 Malignum
2267 5354 2515 5428 spiritum
2545 5354 2859 5411 temeritatis
2892 5354 3203 5410 materialis.
3236 5354 3523 5429 Timgpb;

1942 5424 2196 5497 αἴσθησιν
2237 5424 2485 5483 additum
2532 5445 2599 5483 ex
2646 5444 2776 5482 mss.
2815 5424 3523 5497 terrenorum_vicissitudo

1933 5506 2016 5552 est
2041 5494 2343 5567 eorumque
2376 5498 2760 5569 συμπτώματα
2788 5506 3049 5569 ειίοτιειιε,
3080 5494 3225 5569 unde
3257 5496 3338 5549 sic
3364 5495 3517 5569 varie

1932 5584 2128 5622 sensus
2169 5564 2422 5633 allicitur,
2448 5564 2522 5624 ac
2560 5568 2692 5621 vitia
2737 5568 2896 5621 nobis
2942 5566 3343 5636 propignuntur
3382 5581 3395 5617 :
3438 5564 3521 5619 sic

1931 5638 2076 5691 enim
2124 5640 2287 5693 nobis
2334 5640 2447 5692 haec
2491 5639 2779 5708 allegoria,
2824 5634 3060 5706 πονηρὸν
3110 5634 3515 5708 πνεῦμα-,Λιιυιι

1933 5709 2294 5762 materialium
2337 5704 2638 5770 temeritas]
2673 5724 2792 5776 quae
2836 5704 2959 5760 non
2994 5716 3103 5760 tam
3148 5704 3514 5776 materialiuin

1940 5777 2173 5845 dicatur,
2208 5795 2371 5850 quam
2418 5774 2875 5851 intelligendum:
2954 5791 3151 5847 nempe
3194 5774 3515 5846 προπέτεια.
