4184 6436
650 396 789 460 1375

1797 395 1858 456 S.
1899 390 2188 455 MAXIMI
2229 389 2741 452 CONFESSORIS

3769 386 3910 453 1376

647 504 804 575 quasi
844 503 1002 558 cibus
1039 510 1158 570 est;
1204 500 1476 572 siquidem
1519 501 1668 572 quod
1717 501 2044 572 intelligitur
2075 503 2224 572 (νοηο

2345 515 2515 551 ιστιν·
2574 500 2732 569 εἴπερ
2763 497 2826 552 τὸ
2855 500 3162 568 νοούμενον,
3217 498 3246 552 ὅ
3289 499 3404 552 ἐστι
3458 497 3668 571 νοητὸν,
3716 501 3910 571 μεῖζόν

647 599 762 666 τὸν)
829 598 1006 666 majus
1067 604 1192 659 est,
1253 593 1522 664 priusque
1590 609 1657 650 eo
1725 591 1874 663 quod
1931 591 2225 661 intelligit,

653 686 1010 756 intelligitur;
1055 682 1204 752 quod
1269 691 1354 738 est
1407 683 1612 753 νοερὸν,
1673 696 1771 738 seu
1835 679 2226 736 intellectuale.

649 777 814 846 νοερὲ
859 775 1008 830 enim
1051 773 1128 844 (id
1173 783 1280 839 est,
1313 772 1726 842 intellectualia)
1760 773 2041 835 dicuntur.
2081 785 2228 840 quae-

651 881 893 936 cunque,
919 881 988 920 eo
1029 865 1176 936 quod
1213 873 1426 920 mentes
1457 873 1608 925 sunt,
1641 862 1930 933 superiora
1961 863 2126 930 νοητὰ
2150 859 2228 930 (id

651 965 758 1018 cst,
790 954 1180 1027 intelligibilia)
1212 954 1550 1024 intelligunt.
1595 953 1694 1008 Est
1737 951 1884 1007 enim
1936 949 2141 1020 νοητὸν,
2174 948 2230 1004 id

652 1046 804 1117 quod
847 1046 1190 1118 intelligitur,
1237 1046 1383 1118 quod
1420 1057 1478 1102 ct
1523 1045 1617 1100 τοῦ
1662 1044 1848 1116 νοεροῦ
1888 1043 2048 1100 cibus
2103 1049 2229 1110 est;

654 1139 1046 1195 intellectualis
1077 1139 1310 1204 scilicet,
1332 1153 1430 1194 seu
1465 1136 1842 1208 intelligentis.

733 1231 823 1286 65.
857 1231 915 1286 ld
937 1230 1358 1293 advertendum,
1401 1229 1605 1285 habere
1632 1228 1848 1295 eﬂ'ecta,
1881 1226 2071 1300 quales
2099 1243 2232 1283 con-

660 1321 840 1392 tingit,
869 1336 934 1376 ac
960 1335 1082 1376 esse
1111 1326 1364 1390 possunt,
1396 1333 1686 1374 causarum
1712 1315 1995 1386 imagines.
2026 1315 2235 1370 Ell'ccta

653 1413 805 1468 enim
843 1419 974 1467 sunt
999 1419 1340 1482 quacunque
1367 1409 1422 1464 in
1452 1425 1634 1464 rerum
1677 1415 1930 1461 naturam
1967 1405 2234 1476 producta

656 1518 722 1558 ae
740 1503 964 1558 condita
994 1511 1152 1567 sunt;
1177 1517 1353 1556 causa:
1371 1515 1523 1565 vero,
1547 1514 1669 1568 quas
1695 1497 1811 1552 haec
1832 1495 2233 1567 produxerunt.

658 1595 818 1650 Nulla
868 1609 998 1649 vero
1039 1593 1236 1647 horum
1283 1594 1426 1646 inter
1463 1607 1522 1646 se
1563 1594 1875 1663 (causarum
1925 1588 2139 1643 scilicet
2177 1595 2237 1642 et

659 1677 1007 1757 cll‘cctorum)
1033 1694 1222 1740 exacta
1250 1685 1475 1740 omnino
1515 1693 1572 1739 ct
1607 1693 1864 1738 accurata
1904 1681 2230 1737 similitudo.

730 1777 820 1832 66.
856 1775 1064 1832 Eﬂ'ecta
1099 1777 1245 1832 inter
1275 1785 1331 1830 et
1365 1789 1560 1830 causas
1587 1773 1739 1828 nulla
1769 1772 1946 1827 modis
1977 1772 2236 1827 omnibus

663 1955 855 2024 quales
875 1953 1168 2024 contingit,
1199 1969 1262 2008 ac
1285 1961 1515 2024 possunt
1541 1951 1764 2014 habere,
1787 1964 2075 2004 causarum
2104 1948 2238 2002 ima-

663 2048 817 2118 gines
855 2064 867 2100 :
905 2061 1083 2100 causa:
1129 2061 1280 2108 vero,
1331 2043 1546 2098 eﬂ'ectis
1589 2043 1854 2105 eminent,
1889 2041 2106 2109 illisque
2137 2054 2238 2108 pro

666 2139 1006 2208 principatus
1033 2135 1119 2190 sui
1150 2135 1366 2190 ratione
1381 2133 1724 2203 superiorem
1751 2132 1932 2184 locum
1963 2129 2235 2184 obtinent.

663 2228 1023 2282 Abundanter
1051 2227 1274 2281 enimet
1304 2224 1673 2280 cssentialiter
1704 2239 1827 2292 qua:
1858 2230 1987 2276 sunt
2009 2221 2236 2276 cll‘eclo—

667 2336 788 2374 rum
811 2320 865 2374 in
895 2319 976 2375 eis
1001 2335 1114 2388 pra:
1133 2317 1456 2374 exsistentia
1483 2314 1790 2368 continent.
2078 2362 2081 2365 .
2179 2303 2188 2307 ’

737 2413 826 2468 67.
857 2411 1065 2465 Εσοριει
1094 2418 1244 2469 sunt.
1276 2422 1619 2478 quaecunque
1662 2405 1717 2459 in
1763 2419 1947 2459 rerum
1987 2414 2237 2458 naturam

666 2505 931 2574 producta
965 2519 1028 2556 ac
1055 2501 1273 2556 condita
1314 2507 1464 2565 sunt,
1507 2499 1621 2555 sive
1654 2498 1706 2552 in
1741 2497 1899 2562 etnlo,
1931 2496 2044 2550 sive
2078 2510 2244 2565 super

670 2608 870 2650 terram
898 2611 912 2647 :
955 2608 1136 2648 eausm
1165 2607 1318 2656 vero,
1349 2605 1472 2660 qua:
1505 2589 1920 2658 produxerunt;
1951 2596 2064 2642 tres
2094 2587 2244 2642 scili-

669 2696 757 2742 cet
799 2701 1048 2756 perseme
1087 2683 1445 2738 sanctissima:
1491 2679 1800 2734 Trinitatis.
1837 2678 2037 2749 Liquet
2077 2679 2244 2750 igitur

670 2779 818 2833 inter
855 2778 972 2832 lucc
1007 2780 1224 2840 (causas
1264 2775 1476 2829 scilicet
1512 2783 1570 2828 et
1605 2770 1824 2842 eﬂccta)
1868 2772 2075 2826 nullam
2121 2785 2243 2826 esse

669 2886 770 2940 per
793 2868 976 2923 omnia
1009 2874 1319 2921 accuratam
1353 2863 1797 2919 similitudinem.

741 2961 828 3014 68.
857 2959 1168 3014 Notandum
1194 2967 1297 3021 est,
1339 2964 1576 3009 mentem
1618 2965 1863 3010 nostram
1901 2951 2244 3024 intelligendi

670 3053 888 3124 quidem
917 3051 1173 3106 facultate
1199 3065 1322 3104 esse
1362 3047 1671 3118 praeditam,
1703 3061 1826 3116 quae
1858 3061 1949 3100 res
1989 3043 2247 3114 intelligi-

673 3145 810 3200 bilcs
835 3143 1052 3206 videat;
1083 3141 1364 3210 prteditam
1388 3153 1520 3193 vero
1551 3137 1718 3193 etiam
1750 3137 1972 3192 unionis
1995 3136 2046 3189 vi
2079 3135 2246 3190 altius
2271 3177 2313 3235 ο

673 3237 924 3292 elcvante
955 3249 1119 3304 quam
1154 3249 1256 3302 pro
1291 3231 1492 3286 mentis
1527 3239 1744 3293 natura,
1787 3243 1895 3298 qua
1928 3228 2040 3281 illis
2068 3241 2240 3295 copu-

675 3329 840 3390 latur,
891 3342 1012 3396 qua:
1049 3333 1179 3379 sunt
1221 3324 1334 3392 ipsa
1373 3322 1682 3391 superiora.
1733 3319 2046 3374 Secundum
2102 3318 2244 3373 hanc

675 3419 1087 3490 igiturneccsse
1123 3423 1184 3468 ut
1221 3413 1589 3482 intelligamus
1616 3410 1824 3474 divina,
1856 3425 1966 3463 non
2003 3409 2245 3462 humano

676 3527 828 3566 more
851 3527 867 3575 ;
894 3507 989 3564 sed
1021 3507 1095 3563 ita
1124 3514 1186 3560 ut
1221 3521 1322 3560 nos
1361 3504 1484 3568 toti,
1524 3501 1685 3556 nobis
1725 3501 1854 3555 totis
1889 3500 2243 3562 excedamus,

674 3620 738 3656 ac
767 3599 860 3656 Dei
889 3599 985 3653 toti
1012 3597 1336 3652 efﬁciamur.
1377 3595 1607 3648 Praastat
1633 3589 1784 3645 enim
1821 3597 1882 3644 ut
1922 3589 2019 3644 Dei
2047 3589 2242 3654 simus,

673 3709 838 3763 quam
866 3700 926 3747 ut
959 3689 1153 3745 nostri.
1194 3687 1284 3744 Sic
1310 3685 1459 3741 enim
1491 3685 1600 3753 llis,
1629 3682 1724 3754 qui
1761 3697 1888 3738 cum
1915 3682 2030 3737 Deo
2061 3697 2248 3736 versa-

677 3786 902 3846 buntur,
930 3781 1116 3838 divina
1147 3779 1332 3836 dedita
1357 3787 1540 3834 erunt.

745 3893 910 3964 626
959 3891 1045 3946 69.
1097 3889 1250 3944 Mens
1289 3889 1600 3960 intelligere
1639 3887 1833 3942 volens
1877 3902 1942 3943 ac
1978 3886 2244 3957 cogitare,

676 3985 816 4039 intra
867 4000 926 4038 se
962 3981 1268 4043 descendit,
1325 3981 1444 4050 ipsa
1495 3996 1554 4034 se
1591 3979 1658 4033 ad
1702 3977 2104 4034 intellectiones
2147 3991 2246 4032 seu

673 4075 1041 4146 cogitationes
1068 4073 1384 4128 demittens.
1411 4071 1824 4126 lntellectiones
1855 4071 2002 4125 enim
2023 4068 2247 4124 inferio-

676 4183 765 4222 res
790 4175 918 4222 sunt
951 4163 1314 4234 intelligente,
1355 4171 1416 4218 ut
1444 4180 1566 4232 qua:
1593 4162 1970 4232 intelligantur
1994 4171 2051 4216 et
2089 4176 2245 4216 com-

677 4257 1109 4327 prehendantur,
1137 4271 1200 4310 ae
1235 4257 1431 4310 merito
1455 4253 1741 4324 di-sipatio
1769 4269 1832 4308 ac
1857 4252 2056 4307 divisio
2077 4252 2248 4322 ipsius

677 4349 876 4402 mentis
903 4347 1129 4402 unitatis
1155 4347 1441 4400 exsistant.
1491 4346 1625 4398 Nam
1663 4359 1820 4398 mens
1849 4343 2094 4412 quidem,
2118 4341 2248 4397 sim-

677 4441 800 4510 plex
827 4447 911 4494 est
941 4449 996 4494 ct
1016 4438 1248 4493 indivisa
1274 4453 1288 4504 ;
1328 4436 1732 4490 intellectiones
1752 4443 1935 4489 autem
1968 4433 2246 4504 animique

2331 594 2446 644 ἐστι
2476 592 2571 643 καὶ
2597 589 3090 662 προεπινοούμενον
3123 589 3216 643 τοῦ
3247 589 3514 655 νοοῦντος,
3563 593 3592 645 ὃ
3633 594 3754 646 ἐστι
3786 609 3910 646 νοε-

2333 683 2447 754 ρόν.
2473 682 2654 752 Νοερὰ
2687 683 2794 752 γὰρ
2823 681 3063 750 λέγεται,
3097 682 3201 734 ὅσα
3225 682 3313 736 διὰ
3350 683 3413 735 τὸ
3435 682 3560 747 νοῦς
3589 679 3756 746 εἶναι,
3797 686 3912 737 νοεῖ

2329 773 2399 825 τὰ
2457 772 2830 843 ὑπερκείμενα
2863 773 3030 843 νοητά
3054 790 3070 806 ·
3123 773 3313 843 νοητὸν
3357 775 3466 845 γάρ
3505 778 3622 828 ἐστι
3661 775 3722 829 τὸ
3751 775 3908 828 νοού-

2335 880 2515 934 μενον,
2547 865 2685 934 ὅπερ
2717 863 2814 917 καὶ
2849 866 3023 936 τροφή
3079 865 3198 918 ἐστι
3246 863 3340 918 τοῦ
3387 865 3599 937 νοεροῦ,
3644 866 3769 937 ἦτοι
3813 867 3911 919 τοῦ

2332 971 2601 1019 νοουντος.

2403 1236 2497 1301 Es’.
2541 1235 2736 1290 ’ἰστέον
2763 1235 2838 1297 ὡς
2877 1236 2996 1304 ἔχει
3045 1238 3111 1289 τὰ
3136 1236 3374 1303 αἱτιατά,
3411 1239 3512 1303 τὰς
3559 1237 3669 1292 τῶν
3717 1240 3913 1293 attinnt

2333 1327 2690 1398 ἐνδεχομένας
2743 1327 2978 1390 εἰκόνας.
3033 1329 3265 1381 Δίτιατὰ
3316 1329 3427 1400 γάρ
3468 1330 3586 1383 ἐστι
3625 1331 3810 1384 πάντα
3839 1335 3912 1386 τὰ

2335 1415 2686 1488 παραχθέντα
2706 1419 2787 1482 εἰς
2817 1417 2996 1470 κτίσιν
3018 1434 3031 1448 ·
3063 1419 3216 1472 αἴτια
3236 1417 3316 1484 δὲ,
3348 1420 3420 1472 τὰ
3462 1421 3864 1491 παραγαγόντα
3893 1439 3908 1453 ·

2333 1509 2558 1580 οὐδεμία
2579 1507 2636 1562 δὲ
2669 1509 2936 1580 ὲμφὲρεια
2964 1507 3170 1564 τούτων
3203 1510 3340 1583 πρὸς
3367 1511 3572 1583 ἄλληλα
3595 1513 3682 1584 (ι),
3717 1514 3914 1566 αἰτίων

2298 1617 2304 1623 ‘
2336 1603 2478 1671 φημὶ
2501 1601 2592 1655 καὶ
2619 1601 2896 1655 αἱτιατῶν.

2407 1695 2512 1760 ξς’.
2559 1695 2672 1750 Οὐκ
2721 1693 2866 1748 ἔστιν
2916 1694 3148 1767 ἀκριϐὴς
3185 1695 3457 1766 ἐμφέρεια
3490 1695 3603 1758 τοῖς
3645 1695 3917 1757 «tuatui,

2297 1811 2307 1859 -_
2337 1788 2567 1850 καὶτοῖς
2595 1789 2786 1851 αἰτίοις
2812 1803 2826 1817 ·
2881 1787 3000 1842 ἀλλ’
3032 1789 3143 1859 ἔχει
3172 1787 3272 1858 μὲν
3310 1786 3381 1841 τὰ
3418 1787 3637 1840 αἱτιατὰ
3677 1787 3774 1849 τὰς
3802 1787 3917 1838 τῶν

662 1867 909 1921 absoluta
936 1865 1242 1920 similitudo
1263 1873 1349 1920 est
1377 1881 1390 1918 :
1428 1863 1526 1918 sed
1557 1860 2005 1931 habentquidem
2039 1859 2234 1914 ell‘ecta

2345 1877 2524 1930 αἰτίων
2546 1843 2907 1950 ἐνδεχομένας
2950 1843 3202 1943 εἰκόνας-⁸·
3238 1879 3380 1934 αὑτὰ
3409 1881 3468 1934 δὲ
3497 1879 3566 1933 τὰ
3602 1843 3776 1942 αἴτια,
3801 1878 3915 1931 τῶν

2336 1968 2592 2022 αἱτιατῶν
2621 1967 2900 2040 ἐξῄρηται,
2943 1971 3038 2026 καὶ
3075 1970 3429 2041 ὑπερίδρυται
3480 1969 3624 2025 κατὰ
3675 1971 3768 2024 τὸν
3809 1971 3917 2040 τῆς

2335 2066 2544 2128 οἰκείας
2573 2067 2748 2136 ἀρχῆς
2781 2065 2960 2134 λόγον.
2991 2068 3102 2120 Καὶ
3134 2067 3244 2138 γὰρ
3271 2070 3549 2138 περισσῶς
3582 2071 3679 2121 καὶ
3710 2069 3914 2121 οὑσεω-

2335 2160 2440 2224 δὼς
2477 2162 2759 2230 προένεστι
2782 2163 2849 2216 τὰ
2880 2163 2990 2216 τῶν
3009 2163 3270 2218 αἰτιατῶν
3289 2167 3401 2228 τοῖς
3433 2166 3648 2227 αἱτῖοςς.

2411 2404 2506 2473 ξζ’.
2537 2403 2762 2458 Αἰτιατά
2786 2407 2924 2471 ἐστι,
2943 2405 3122 2459 πάντα
3148 2406 3212 2459 τὰ
3239 2402 3585 2476 παραχθέντα
3606 2403 3684 2464 εἰς
3712 2403 3916 2455 κτίσιν·

2340 2495 2451 2548 εἴτε
2483 2495 2540 2546 ὲν
2582 2491 2815 2562 οὐρανῷ,
2855 2493 2967 2546 εῐτε
2999 2494 3093 2546 ἐπὶ
3124 2493 3262 2563 γῆς’
3289 2495 3439 2546 αἴτια
3460 2493 3540 2560 δὲ,
3572 2493 3640 2545 τὰ
3663 2509 3922 2562 παραγα-

2339 2587 2528 2654 γόντα,
2576 2586 2874 2651 τουτέστιν,
2928 2585 2985 2639 αἱ
3041 2587 3192 2656 τρεῖς
3240 2585 3567 2648 ὑποστάσεις
3616 2584 3712 2655 τῆς
3748 2585 3924 2653 ἁγίας

2340 2677 2588 2750 Τριάδος.
2636 2676 2908 2746 Πρόδηλον
2951 2673 3067 2743 οὖν,
3110 2678 3193 2732 ὃτι
3237 2676 3466 2748 οὐδεμία
3495 2679 3767 2748 ὲμφέρεια
3791 2679 3924 2732 τού-

2339 2785 2450 2823 των
2477 2767 2613 2839 πρὸς
2643 2767 2871 2838 ἄλληλα,
2899 2769 3087 2822 αἰτίων
3116 2769 3261 2840 φημὶ
3295 2769 3388 2822 καὶ
3417 2769 3699 2824 αἰτιατῶν.

2413 2936 2512 3007 Eq'.
2572 2936 2702 2991 Δέον
2735 2937 2932 2990 ειδέναι
2983 2935 3076 2990 τὸν
3115 2937 3240 2990 καθ’
3283 2939 3432 3008 ἡμᾶς
3475 2939 3618 3002 νοῦν,
3673 2937 3778 3008 τὴν
3819 2939 3929 3008 μὲν

2343 3027 2487 3100 ἔχειν
2515 3027 2749 3094 δύναμιν
2783 3029 2862 3092 εἰς
2885 3027 2947 3082 τὺ
2967 3029 3128 3096 νοεῖν,
3172 3028 3242 3082 δι’
3270 3023 3340 3102 ἦς
3378 3029 3447 3082 τὰ
3480 3029 3648 3100 νοητᾶ
3687 3027 3884 3100 βλέπει
3909 3047 3926 3060 ·

2344 3121 2444 3192 τὴν
2469 3119 2525 3173 δὲ
2549 3119 2742 3174 ἕνωσιν
2769 3120 3172 3193 ὑπεραίρουσαν
3197 3120 3291 3174 τοῦ
3315 3121 3406 3174 νοῦ
3433 3123 3532 3193 τὴν
3546 3121 3727 3190 φύσιν,
3757 3121 3826 3176 δι’
3853 3119 3928 3195 ἧς

2349 3213 2679 3268 συνάπτεται
2733 3213 2870 3286 πρὸς
2921 3213 2992 3267 τὰ
3035 3215 3291 3268 ἐπέκεινα
3350 3214 3563 3270 ἑαυτοῦ.
3600 3216 3758 3269 Κατὰ
3791 3216 3934 3268 ταύ-

2347 3321 2447 3373 την
2479 3300 2574 3356 οὖν
2603 3303 2672 3356 τὰ
2708 3303 2828 3357 θεῖα
2867 3305 3106 3374 νοητὲον,
3139 3305 3200 3358 οὗ
3250 3305 3372 3360 καθ’
3397 3307 3578 3377 ἡμᾶς’
3615 3306 3732 3360 ἀλλ’
3767 3308 3934 3370 ὅλους

2350 3395 2595 3458 ἑαυτοὺς,
2620 3393 2758 3449 ὅλων
2783 3395 2993 3450 ἑαυτῶν
3022 3395 3428 3467 ἐξισταμένους,
3469 3397 3564 3450 καὶ
3591 3397 3748 3462 ὅλους
3788 3398 3934 3451 Θεοῦ

2349 3486 2690 3556 γινομένους.
2714 3488 2977 3558 Κρεῐττον
2993 3487 3101 3556 γὰρ
3128 3481 3266 3541 εἶναι
3287 3487 3443 3553 Θεοῦ,
3471 3488 3566 3542 καὶ
3595 3489 3670 3559 μὴ
3691 3489 3934 3544 ἑαυτῶν.

2349 3577 2508 3632 Οὕτω
2529 3577 2637 3650 γὰρ
2662 3576 2816 3632 ἔσται
2855 3578 2921 3632 τὰ
2955 3577 3074 3633 θεῖα
3102 3579 3230 3634 δοτὰ
3275 3582 3389 3644 τοῖς
3419 3580 3562 3652 μετὰ
3605 3579 3746 3635 Θεοῦ
3775 3599 3935 3651 γινο-

2354 3668 2556 3739 μένοις.

2421 3881 2520 3950 ξθ’.
2564 3881 2622 3936 ’0
2645 3879 2768 3944 νοῦς
2800 3881 2941 3934 νοεῖν
2966 3879 3311 3950 βουλόμενος,
3336 3878 3585 3934 κάτεισιν
3613 3879 3814 3936 ἑαυτοῦ
3845 3883 3937 3948 εἱς

2351 3975 2450 4038 τὰς
2476 3974 2693 4046 νοήσεις
2715 3971 3078 4028 καταϐαίνων.
3114 3971 3181 4024 Αἱ
3205 3969 3312 4042 γὰρ
3341 3971 3580 4041 νοήσεις,
3616 3971 3936 4044 κατώτεραί

2352 4069 2460 4122 εἰσι
2488 4065 2584 4120 τοῦ
2615 4065 2886 4129 νοοῦντος,
2924 4065 2998 4130 ὡς
3031 4065 3318 4135 νοούμεναι
3364 4063 3461 4119 καὶ
3503 4065 3935 4137 καταλαμϐανό-

2355 4174 2538 4229 μεναι,
2590 4156 2684 4210 καὶ
2725 4155 3029 4226 σκεδασμὸς
3088 4155 3313 4219 εἰκότως
3365 4155 3461 4210 καὶ
3507 4156 3782 4228 μερισμὸς
3827 4159 3934 4230 τῆς

2352 4251 2599 4323 ἐνότητος
2617 4248 2712 4304 τοῦ
2742 4248 2835 4303 νοῦ
2859 4247 3042 4303 αὐτοῦ.
3083 4247 3142 4302 '0
3161 4249 3258 4320 μὲν
3286 4248 3398 4320 γὰρ
3425 4249 3571 4313 νοῦς,
3595 4251 3806 4316 ἁπλοῦς
3832 4255 3933 4308 καὶ

2351 4343 2569 4414 ἀμερής
2593 4358 2606 4372 ·
2636 4342 2693 4394 αι
2719 4340 2778 4394 δὲ
2801 4341 3040 4410 νοήσεις,
3086 4339 3440 4411 παμπληθεῖς
3470 4340 3571 4394 καὶ
3604 4343 3932 4404 σκεδασταὶ.

2353 4435 2445 4488 καὶ
2469 4429 2582 4488 οἷον
2614 4433 2729 4502 εἴδη
2767 4433 2860 4486 τοῦ
2892 4431 3007 4486 νοῦ.
3056 4430 3155 4485 Διὰ
3187 4431 3348 4484 τοῦτο
3372 4430 3441 4484 τὰ
3468 4431 3653 4502 νοερὰ,
3677 4435 3934 4489 τουτέστι

674 4531 1062 4604 cogitationes,
1099 4531 1330 4584 omnino
1372 4529 1706 4600 multiplices
1739 4544 1802 4583 ac
1827 4529 2123 4598 dissipatae,
2158 4545 2243 4584 ve-

2353 4529 2422 4582 τὰ
2455 4526 2699 4592 νοοῦντα,
2727 4523 2989 4579 ἐλάττονά
3031 4525 3148 4576 ἐστι
3176 4521 3285 4576 τῶν
3321 4521 3546 4594 νοητῶν,
3598 4522 3774 4594 ἤγουν
3819 4526 3936 4580 τῶν

749 4692 811 4763 (t)
864 4694 1120 4764 Οὐδεμία
1171 4692 1446 4762 ἔμρέρεια
1497 4695 1726 4747 τούτων
1781 4691 1931 4764 apt};
1981 4689 2246 4764 ᾂλᾷηλα.

676 4761 872 4823 Picus.
905 4775 966 4818 ut
995 4761 1122 4818 sunt
1157 4761 1451 4818 illi'ontnia
1487 4764 1775 4817 arbitraria
1814 4761 1830 4816 ξ
1864 4761 2030 4816 Nulla
2063 4761 2250 4814 horum

678 4836 920 4903 cognatio
970 4845 1064 4888 cst.
1109 4835 1414 4888 Ellcctunm
1469 4835 1682 4888 scilicet
1724 4841 1780 4886 et
1829 4846 2135 4903 causarum.
2183 4831 2252 4884 At

677 4902 830 4960 certe
887 4920 1090 4958 novere
1148 4914 1355 4972 poetic,
1401 4919 1635 4972 quorum
1687 4903 1888 4957 Paulus
1943 4902 2059 4954 Act.
2107 4917 2248 4972 xvn,

680 4975 884 5029 dictum
915 4977 1100 5036 refert,
1131 4971 1455 5042 probatque,
1485 4973 1590 5025 ’1ὀῦ
1620 4973 1726 5040 γὲρ
1758 4975 1850 5024 καὶ
1877 4973 2031 5042 γένος
2063 4971 2247 5038 ἐσμέν·

678 5044 850 5114 Ipsius
877 5055 922 5098 ct
949 5061 1111 5113 genus
1139 5041 1356 5109 sumus;
1377 5044 1445 5098 ab
1479 5045 1595 5112 ipso
1623 5043 1831 5097 scilicet
1859 5041 2022 5096 ducta
2051 5055 2251 5114 cogna-

681 5110 864 5179 tione,
916 5110 1024 5184 qua
1072 5123 1128 5168 ct
1175 5115 1392 5169 Patrem
1446 5110 1676 5184 vitm-que
1711 5120 2017 5184 auctorem
2071 5110 2248 5184 ipsum

603 5236 608 5240 _
681 5181 969 5247 habemus,
1007 5185 1238 5253 imagine
1275 5185 1439 5239 etiam
1483 5182 1724 5253 insigniti
1762 5193 1818 5235 et
1859 5181 2246 5253 similitudine;

679 5270 787 5324 qua
831 5255 1032 5309 divinae
1077 5250 1205 5322 ipsa:
1245 5255 1404 5308 dotes
1453 5254 1504 5306 in
1552 5250 1709 5308 nobis
1751 5253 1990 5324 elucent,
2027 5250 2252 5304 libertas

677 5323 916 5386 arbitrii,
946 5333 1002 5377 ct
1042 5340 1162 5393 quae
1211 5325 1342 5378 huic
1379 5324 1612 5378 virtutes
1658 5323 2080 5393 comitcssunt,
2114 5335 2248 5388 pra:-

678 5391 1141 5464 exsistuntque‘in
1176 5395 1288 5449 Deo
1313 5396 1586 5463 περισσῶς
1616 5395 1708 5446 καὶ
1730 5391 2022 5454 occatam,
2049 5401 2107 5444 nt
2131 5406 2245 5464 seq.

678 5482 800 5534 cap.
835 5463 1128 5526 Maximus;
1167 5465 1497 5518 abundanter
1531 5464 1649 5531 (seu
1684 5464 2016 5534 excellenter
2045 5470 2100 5515 et
2133 5463 2248 5514 exi-

680 5532 808 5604 mie)
851 5545 901 5588 et
939 5535 1321 5600 essentiatitcr;
1364 5535 1417 5588 in
1458 5535 1618 5588 nobis
1657 5549 1808 5594 vero,
1848 5532 2158 5604 deficienter
2196 5540 2252 5585 ct

682 5601 1098 5676 participatione
1144 5625 1156 5658 :
1197 5621 1265 5659 ex
1303 5622 1412 5674 quo
1454 5615 1566 5667 est,
1600 5601 2117 5676 utnullasithint-r
2151 5617 2250 5654 nos

683 5671 961 5744 Deumque
1006 5677 1293 5746 ὲμφέρεια·
1322 5671 1526 5728 catum:
1571 5674 1781 5746 scilicet
1823 5671 2144 5746 similitudo,
2185 5689 2249 5725 ae

679 5743 898 5816 qualem
941 5743 1048 5799 vos
1088 5743 1184 5800 illa
1231 5747 1518 5815 importat;
1571 5755 1628 5816 ut
1673 5744 1773 5816 sic
1800 5758 1971 5795 unum
2015 5743 2244 5796 alterum

683 5814 904 5881 referat,
931 5825 986 5870 ut
1016 5818 1164 5886 quasi
1200 5814 1394 5886 proco
1425 5815 1594 5885 aerari
1632 5814 1830 5886 possit;
1860 5829 1968 5882 quo
2001 5821 2241 5882 spectant

2350 4693 2438 4747 illa
2483 4689 2698 4746 Domini
2751 4687 2917 4743 verba
2965 4683 3124 4740 Joan.
3179 4699 3306 4756 xiv;
3365 4682 3576 4756 Dius
3622 4685 3932 4756 ἑωρακὼς,

2347 4763 2421 4814 ἑὼ
2461 4779 2561 4814 ακε
2622 4759 2716 4812 καὶ
2761 4758 2852 4810 τὸν
2905 4756 3144 4825 Πατέρα*
3199 4751 3302 4820 Qui
3358 4751 3653 4818 uidit’me,
3703 4751 3836 4810 uidit
3883 4766 3936 4811 et

2348 4832 2594 4892 Patrem;
2617 4827 3091 4898 οιιῙιιείὲκμαγεῖον
3109 4825 3460 4898 perfectaque
3479 4826 3770 4898 expressio
3789 4837 3935 4891 erat,

2348 4902 2618 4956 naturalis
2648 4894 2824 4954 Patris
2851 4894 3114 4950 naturalis
3141 4894 3332 4949 Filius.
3355 4894 3435 4950 Ne
3461 4894 3552 4949 cui
3576 4909 3712 4948 vero
3737 4895 3938 4952 durior

2349 4988 2532 5026 sermo
2568 4970 2868 5030 videretur,
2905 4965 3061 5035 quasi
3102 4965 3374 5034 ὲμφὲρεια
3416 4963 3490 5018 sit
3525 4965 3726 5035 quovis
3768 4967 3938 5032 modo

2354 5043 2496 5095 dicta
2523 5041 2793 5111 ὁμοιότης,
2816 5034 3124 5098 similitudo,
3147 5051 3270 5111 qua:
3291 5051 3400 5090 non
3427 5034 3656 5090 omnino
3679 5037 3934 5111 neganda

2358 5105 2575 5166 videtur
2621 5105 2765 5164 inter
2819 5121 3012 5162 causas
3064 5115 3120 5161 et
3165 5105 3394 5167 ell‘ecta,
3439 5119 3557 5174 seq.
3605 5119 3731 5173 cap.
3782 5107 3938 5162 velut

2357 5183 2628 5243 molliens,
2657 5179 2770 5232 υὺκ
2805 5178 2972 5237 ἐστιν,
3003 5175 3200 5246 inquit,
3231 5175 3464 5244 ἀκριϐὴς
3492 5176 3787 5246 ἐμφέρεια·
3819 5177 3936 5232 Non

2357 5263 2431 5306 cst
2461 5261 2644 5306 exucta
2673 5247 3062 5318 reprwscntatio
3081 5245 3138 5318 et
3165 5246 3458 5318 similitudo
3484 5260 3502 5298 :
3531 5245 3626 5299 ubi
3663 5246 3782 5301 Pic.
3811 5264 3937 5316 per-

2360 5323 2487 5376 inde
2523 5323 2698 5374 malus
2731 5315 3002 5386 interpres
3034 5336 3046 5370 :
3081 5317 3197 5371 Non
3231 5327 3305 5370 cst
3336 5315 3616 5386 explorata
3651 5315 3932 5372 connexio.

2359 5393 2522 5462 Nngze
2559 5408 2573 5445 :
2610 5401 2670 5445 ut
2697 5398 2755 5462 et
2785 5387 2930 5462 quod
2964 5387 3060 5451 τὰς
3090 5386 3451 5462 ἐνδεχομένας.
3476 5388 3693 5462 εἰκόνας
3725 5389 3932 5452 reddit.

2356 5455 2681 5516 occurrentes
2713 5455 3126 5529 imdgines;pro
3154 5455 3382 5528 quantas
3413 5455 3552 5518 licet,
3577 5457 3667 5529 vel
3687 5468 3935 5529 quantas

2356 5542 2606 5586 creatura
2637 5526 2840 5584 referre
2871 5526 3070 5596 possit;
3097 5526 3315 5598 quanta:
3342 5526 3471 5580 sunt
3492 5526 3811 5598 possibiles.
3839 5527 3934 5582 His

2355 5619 2412 5654 se
2449 5603 2672 5658 fu‘cihus
2705 5615 2767 5653 ac
2801 5596 3140 5653 stercoribus
3179 5598 3472 5668 impleant,
3502 5596 3707 5664 quibus
3743 5597 3931 5654 Gram

2354 5689 2454 5726 nec
2490 5673 2737 5740 aspicere
2772 5669 2933 5734 libet,
2964 5680 3026 5723 ut
3059 5671 3230 5740 ipsam
3257 5666 3391 5722 vere
3425 5666 3650 5721 Patrum
3685 5677 3930 5724 mentem

2356 5744 2680 5796 inteilicant.
