4184 6436
257 378 386 443 i377

957 382 1172 442 CAPIT
1181 383 1289 443 ΗΜ
1327 385 1746 458 QUINQUIES
1785 382 2300 444 CENTENORUM
2340 387 2724 447 CENTURIA
2761 389 2806 448 V

3355 389 3496 474 1373

256 489 580 557 νοουμένων.
617 489 846 541 Ἐνωσιν
871 489 927 541 δέ
958 507 1090 559 φησι
1124 490 1218 543 τοῦ
1249 492 1361 554 νοῦ,
1399 493 1581 556 καθὼς
1621 496 1677 545 ἐν
1714 495 1826 555 τοῖς

1931 495 2119 563 lutquc
2163 496 2363 548 mentis
2396 496 2602 550 furtiue.
2638 498 2888 565 llincquc
2925 496 3062 550 adeo
3091 508 3194 561 cst,
3233 511 3290 554 ut
3322 513 3501 572 νοιρα.

1030 581 1052 595 ς

255 581 380 648 ἑξῆς
431 580 764 648 σαφέστερον
811 579 980 646 λέγει,
1025 581 1094 633 δι’
1134 578 1201 654 ἧς
1246 584 1383 653 πρὸς
1441 585 1510 636 τὰ
1559 584 1826 636 ἐπέκεινα

257 672 448 726 ἐαυτοῦ
481 672 838 733 ἀνατείνεται,
869 672 1035 740 ἤγουν
1069 675 1134 742 τῇ
1175 675 1304 744 περὶ
1331 674 1466 726 Θεοῦ
1497 673 1827 743 προσϐάλλει

256 763 493 834 θεωρίᾳ·
553 762 614 814 τὸ
643 801 656 826 ,
693 763 908 815 πάντων
969 765 1230 834 ἐκστῆναι
1269 763 1378 816 τῶν
1409 766 1690 833 αἰσθητῶν
1736 764 1830 816 καὶ

253 857 361 908 τῶν
391 855 619 926 νοητῶν,
644 854 726 907 ἔτι
767 855 824 907 δὲ
866 855 958 908 καὶ
992 857 1089 924 τῆς
1131 857 1334 920 οἰκείας
1387 858 1688 925 κινήσεως·
1723 851 1824 908 εἷθ’

253 950 427 1010 οὕτως
464 949 562 1017 τῆς
592 947 741 1008 θείας
767 946 1020 1012 γνώσεως
1059 947 1312 1013 δέξασθαι
1341 947 1437 1016 τὴν
1469 948 1685 1001 ἀκτῖνα.

1931 581 1982 634 id
2010 589 2112 643 ρει,
2148 582 2532 650 intelligentia,
2569 583 2830 638 inferiora
2868 585 2979 639 sint
3028 586 3136 637 τῶν
3167 588 3391 656 νοητῶν,
3420 591 3506 643 his

1929 673 2190 727 nimirum
2231 684 2353 740 qua:
2389 673 2788 743 inlciliguntur.
2834 676 3032 730 Mentis
3069 692 3203 731 vero
3245 679 3504 738 unionem

1929 762 2085 825 dicit,
2114 763 2260 816 sicut
2300 763 2353 815 in
2398 764 2757 832 sequentibus
2783 765 2986 820 clarius
3009 768 3260 837 exponit,
3305 785 3412 838 qua
3447 784 3506 824 se
3547 785 3550 788 ’

1929 852 2176 906 extendit
2232 853 2298 906 ad
2349 869 2434 919 ca,
2483 871 2604 924 quze
2647 857 2742 910 illa
2784 858 3072 926 superiora
3115 867 3263 923 sunt,
3304 861 3507 915 divina:

1931 942 2146 996 scilicet
2189 941 2516 995 incumbens
2558 945 3009 1012 contemplationi
3055 964 3068 999 :
3121 962 3184 1000 ea
3239 949 3500 1005 nimirum

256 1040 486 1102 ratione,
531 1055 638 1109 qua
675 1039 933 1092 omnibus
970 1054 1090 1107 qua:
1132 1053 1293 1092 sensu
1334 1038 1716 1108 percipiuntur
1759 1051 1822 1089 ac
1859 1049 1981 1103 quze
2045 1042 2228 1086 mente
2259 1032 2664 1102 intelliguntur,
2701 1034 2954 1102 excedit;
3019 1035 3200 1092 adhuc
3228 1047 3414 1094 autem
3445 1050 3506 1096 et

252 1149 356 1188 suo
385 1133 561 1202 ipsius
596 1141 778 1196 motu;
819 1148 882 1187 ac
918 1132 1182 1201 deinceps
1215 1133 1417 1188 divinae
1455 1133 1701 1188 scientia:
1730 1131 1970 1186 lucidum
1998 1127 2162 1196 jubar
2191 1127 2408 1197 recipit.

324 1227 386 1274 o'.
421 1222 493 1273 Et.
515 1224 748 1274 κινεῖται
771 1220 1048 1286 ἀναλόγως
1073 1221 1252 1290 ἐαυτῴ
1277 1222 1478 1292 νοερῶς
1501 1221 1594 1274 τὸν
1625 1220 1831 1288 νοερὸν,

256 1313 356 1366 καὶ
396 1314 506 1366 νοεῖ
544 1312 761 1374 πάντως
785 1329 798 1344 ·
856 1312 903 1363 εἰ
935 1310 990 1362 δὲ
1025 1314 1156 1373 νοεῖ,
1206 1313 1298 1364 καὶ
1331 1314 1431 1383 ἐρᾷ
1469 1313 1686 1373 πάντως
1734 1310 1831 1362 τοῦ

254 1403 573 1472 νοηθέντος·
621 1404 670 1454 εἶ
700 1402 756 1455 δὲ
789 1403 909 1474 ὲρᾷ.
961 1403 1055 1456 καὶ
1096 1402 1296 1471 πάσχει
1325 1405 1543 1464 πάντως
1573 1401 1671 1471 τὴν
1698 1402 1832 1470 προς

253 1495 389 1548 αὐτὸ
414 1495 489 1557 ὡς
522 1495 752 1564 ἐραστὸν
789 1497 1077 1546 ἔκστασιν·
1125 1497 1174 1546 εἰ
1205 1495 1262 1547 δὲ
1299 1495 1520 1562 πάσχει,
1556 1492 1714 1563 δῆλον
1745 1494 1826 1545 ὅτι

255 1586 353 1639 καὶ
377 1588 685 1655 ἐπείγεται·
732 1587 781 1638 εἰ
814 1588 870 1639 δὲ
906 1587 1208 1654 ἐπείγεται,
1253 1586 1349 1638 καὶ
1395 1585 1652 1638 ἐπιτείνει
1690 1585 1828 1637 πάν-

255 1694 365 1741 τως
387 1679 448 1730 τὸ
477 1679 705 1750 σφοδρὸν
735 1681 832 1748 τῆς
863 1681 1151 1748 κινήσεως.
1197 1680 1260 1731 Εἰ
1297 1679 1353 1730 δὲ
1398 1678 1658 1730 ἐπιτείνει
1700 1693 1832 1744 σφο-

255 1767 401 1837 δρῶς
432 1767 794 1838 τὴνκίνησιν,
849 1769 946 1838 οὐχ
992 1769 1209 1822 ἵσταται
1259 1768 1451 1837 μέχρις
1497 1768 1570 1820 ἂν
1603 1768 1830 1834 γένηται

253 1855 378 1908 ὅλον
426 1858 482 1908 ἐν
538 1857 644 1926 ὅλῳ
689 1858 768 1925 τῷ
807 1857 1041 1927 ἐραστῷ,
1087 1857 1180 1910 καὶ
1231 1856 1320 1924 ὑφ’
1361 1857 1482 1909 ὅλου
1520 1856 1828 1927 περιληφθῇ

254 1948 542 2011 ἑκουσίως,
569 1949 689 2002 ὅλον
716 1949 857 2002 κατὰ
885 1949 1208 2021 προαίρεσιν
1238 1947 1337 2019 τὴν
1369 1948 1638 2017 σωτήριον
1678 1965 1834 2017 περι-

251 2040 474 2110 γραφὴν
509 2041 803 2111 δεχόμενον
825 2039 845 2112 [
870 2040 1010 2095 male
1030 2043 1170 2095 edita
1201 2038 1555 2112 δεδὸμενον]·
1603 2040 1670 2092 ἶν’
1710 2039 1832 2091 ὅλον

184 2170 187 2172 -
215 2181 220 2185 .
252 2131 365 2202 ὅλῳ
392 2132 599 2203 ποιωθῇ
626 2132 706 2202 τῷ
731 2116 1126 2203 περιγράφοντι
1147 2174 1160 2191 .
1202 2130 1278 2195 ὡς
1311 2131 1436 2202 μηδ’
1475 2131 1612 2194 ὅλως
1646 2129 1831 2182 λοιπὸν

183 2291 185 2294 ι
257 2224 547 2295 βούλεσθαι
582 2225 642 2290 ἐξ
682 2225 876 2279 ἑαυτοῦ
916 2226 1048 2278 αὐτό
1095 2227 1272 2280 ἐκεῖνο
1311 2226 1433 2279 ὅλον
1468 2222 1830 2294 γνωρίζεσθαι

253 2314 522 2369 δύνασθαι
546 2316 608 2368 τὸ
646 2315 1147 2386 περιγραφόμενον·
1185 2315 1300 2369 ἀλλ’
1337 2316 1402 2368 ἐκ
1429 2314 1524 2368 τοῦ
1562 2313 1829 2385 περιγρά-

255 2405 472 2474 φοντος,
499 2407 574 2470 ὡς
601 2408 707 2478 ἀὴρ
735 2409 909 2462 διόλου
931 2410 1344 2479 πεφωτισμένος
1374 2407 1514 2477 φωτί
1535 2424 1548 2436 ·
1579 2409 1672 2460 καὶ
1699 2407 1832 2477 πυρὶ

258 2498 479 2568 σίδηρος
508 2499 626 2562 ὅλος
660 2499 768 2570 ὅλῳ
801 2499 1328 2570 πεπυρακτωμένος,
1359 2498 1393 2569 ἦ
1428 2499 1533 2550 εἴτι
1569 2497 1700 2569 ἄλλο
1723 2497 1830 2550 τῶν

255 2589 518 2660 τοιούτων
542 2593 632 2643 ἐστ
647 2591 683 2645 ί.
894 2590 897 2592 ’
1229 2596 1233 2601 ’

327 2849 431 2902 οα’.
470 2850 646 2920 Πολλὴ
679 2852 710 2920 ή
733 2851 868 2920 πρὸς
893 2851 960 2904 τά
985 2849 1256 2921 νοούμενα
1282 2849 1389 2912 τῶν
1421 2847 1709 2904 νοοὺντων,
1735 2848 1830 2901 καὶ

262 2941 406 3013 πρὸς
439 2943 508 2995 τὰ
542 2941 776 3010 αἰσθητά
806 2942 916 2996 τῶν
973 2940 1384 3011 αἰσθανομένων
1422 2939 1626 3008 σχέσις.
1675 2938 1731 2990 Ὀ
1774 2938 1829 2990 δὲ

252 3030 544 3099 ἄνθρωπος
573 3031 634 3082 ὲκ
655 3030 832 3100 ψυχῆς
855 3031 947 3082 καὶ
979 3029 1231 3099 σώματος
1257 3027 1542 3096 τυγχάνων
1580 3025 1828 3095 αἰσθητι-

252 3121 380 3184 κοῦ,
410 3122 498 3174 διά
525 3123 624 3190 τῆς
657 3124 774 3174 κατ’
805 3122 1119 3191 ἐπαλλαγὴν
1161 3121 1299 3190 πρὸς
1346 3110 1582 3188 ἑκάτερα
1619 3119 1686 3171 τὰ
1732 3118 1828 3187 τῆς

201 3199 207 3206 ’
247 3197 490 3284 ¹κτίσεως
520 3210 786 3284 τμήματα
814 3214 1048 3282 φυσικῆς
1071 3209 1304 3280 σχέσεώς
1332 3227 1390 3262 τε
1421 3211 1517 3262 καὶ
1534 3205 1824 3278 ἰδιότητος,

251 3297 354 3356 κάι
383 3297 778 3373 περιγράφεται
812 3304 904 3356 καὶ
930 3302 1289 3372 περιγράφει·
1317 3301 1376 3352 τὸ
1419 3301 1535 3369 μὲν,
1561 3302 1625 3369 τῇ
1650 3299 1826 3368 οὐσίᾳ·

241 3393 317 3444 -τδ
357 3391 434 3454 δὲ,
467 3395 533 3461 τῇ
565 3393 810 3461 δυνάμει.
851 3389 1299 3462 ΙΙεριγράψεσθαι
1332 3392 1441 3458 γὰρ
1473 3392 1584 3452 τοῖς
1613 3392 1830 3459 νοητοῖς

252 3485 354 3536 καὶ
386 3487 663 3553 αἰσθητοῖς
710 3486 784 3548 ὡς
841 3485 986 3554 ψυχὴ
1025 3483 1309 3552 τυγχάνων
1353 3483 1447 3534 καὶ
1497 3483 1677 3551 σῶμα,
1736 3481 1830 3533 καὶ

252 3575 622 3646 περιγράφειν
651 3577 823 3629 ταῦτα
851 3575 992 3627 κατὰ
1025 3575 1253 3644 δύναμιν
1285 3574 1550 3642 πέορυκεν,
1586 3574 1661 3636 ὡς
1696 3572 1833 3624 νοῶν

251 3668 352 3720 καὶ
407 3667 882 3736 αἰσθανόμενος·ὁ
929 3667 986 3720 δέ
1032 3667 1162 3728 Θεὸς
1199 3665 1384 3728 ἅπλῶς
1422 3666 1516 3718 καὶ
1571 3665 1834 3736 ἀορίστως

256 3759 406 3830 ὑπὲρ
461 3760 639 3812 πάντα
684 3760 752 3813 τὰ
802 3761 931 3812 ὅντα
969 3759 1106 3822 ἐστί,
1149 3757 1216 3810 τὰ
1265 3757 1589 3828 περιέχοντά
1635 3772 1694 3808 τε
1744 3755 1835 3807 καὶ

251 3853 643 3923 περιεχόμενα,
675 3853 749 3916 ὡς
775 3855 906 3904 πᾶσι
941 3851 1218 3913 παντελῶς
1241 3850 1466 3920 ἄσχετος
1493 3849 1592 3900 ὢν.

253 3939 405 3996 Deus
452 3953 633 3996 autem
676 3941 998 4011 simpliciter
1033 3953 1088 3995 ct
1130 3942 1396 3994 immense
1435 3954 1601 4008 super
1646 3933 1828 3991 omnia

251 4046 316 4090 ut
336 4037 440 4106 qui
470 4025 684 4092 cunctis
720 4051 946 4107 prorsus
970 4037 1255 4090 abselutus
1285 4036 1512 4090 eminet.

284 4149 289 4154 ‘
324 4132 424 4200 οβ’.
461 4130 612 4184 Πᾶσα
638 4132 798 4202 ἡδονὴ
833 4133 939 4185 τῶν
985 4131 1482 4201 ἀπηγορευμένων,
1523 4131 1586 4184 ἐκ
1624 4127 1831 4190 πάθους

247 4224 344 4277 διὰ
375 4223 543 4292 μέσης
579 4224 886 4292 αἰσθήσεως
913 4223 1047 4294 πρός
1086 4241 1138 4274 τι
1177 4223 1395 4285 πάντως
1438 4221 1682 4289 γίνεσθαι
1731 4219 1830 4272 πέ-

254 4333 436 4382 φυκεν
482 4315 758 4385 αἰσθητόν.
816 4315 949 4368 Οὐδὲ
997 4316 1103 4385 γὰρ
1149 4315 1278 4368 ἄλλο
1320 4315 1374 4367 τί
1406 4315 1554 4367 ἐστιν
1582 4313 1828 4384 ἡδονὴ.ἢ

244 4399 404 4466 εἶδος
442 4402 767 4473 αἰσθήσεως,
799 4405 856 4456 ἐν
884 4402 961 4473 τῷ
1006 4403 1308 4472 αἰσθητικῷ
1352 4403 1438 4457 διά
1465 4419 1610 4465 τινος
1638 4402 1833 4472 αἰσθη-

251 4495 358 4549 τοῦ
403 4495 790 4566 μορψουμένη·
848 4496 880 4565 ἦ
920 4495 1119 4565 τρόπος
1166 4495 1497 4563 ἀἰσθητικῆς
1531 4493 1829 4566 ἐνεργείας,

2005 1215 2091 1268 70.
2121 1214 2276 1280 Quod
2320 1215 2636 1284 intelligens
2673 1231 2777 1285 pro
2816 1217 2900 1270 sui
2943 1219 3156 1276 ratione
3198 1224 3508 1295 intelligen-

1937 1307 2072 1358 tium
2102 1320 2252 1357 more
2284 1315 2551 1367 movetur,
2588 1306 2812 1360 omnino
2841 1308 3007 1362 etiam
3038 1310 3290 1382 intelligit
3321 1324 3377 1370 et
3410 1332 3506 1371 co-

1932 1398 2087 1466 git‘at.
2131 1397 2186 1450 Si
2231 1407 2410 1450 autem
2447 1398 2702 1466 intelligit
2741 1415 2804 1456 ac
2845 1402 3068 1471 cogitat,
3105 1407 3296 1475 procul
3337 1409 3506 1466 dubio

1931 1489 2094 1542 ctiam
2121 1489 2457 1542 intellectum
2481 1491 2846 1559 aecogitatum
2865 1505 3028 1549 amat.
3055 1496 3108 1550 Si
3134 1508 3314 1554 autem
3338 1511 3504 1567 amat,

1933 1581 2156 1635 omnino
2180 1582 2343 1634 etiam
2371 1580 2425 1632 in
2461 1580 2614 1644 illud,
2656 1591 2717 1635 ut
2762 1599 2876 1638 rem
2917 1595 3173 1654 amatam,
3221 1606 3506 1648 excessum

1932 1671 2154 1740 patitur.
2193 1670 2288 1723 Sin
2330 1681 2510 1724 autem
2553 1673 2779 1741 patitur,
2811 1674 2957 1730 haud
2990 1675 3220 1732 dubium
3253 1681 3386 1749 quin
3411 1699 3506 1736 ur-

1930 1772 2122 1832 geatur
2155 1776 2218 1815 ac
2250 1762 2528 1817 incitetur.
2577 1762 2633 1818 Si
2676 1780 2810 1818 vero
2848 1775 3075 1835 urgetur
3117 1783 3182 1822 ac
3223 1768 3506 1836 incitatur,
3553 1816 3558 1823 .

1932 1869 2158 1922 prorsus
2208 1854 2374 1907 etiam
2427 1862 2610 1907 motus
2656 1855 3060 1911 vehementiam
3107 1859 3360 1914 intendit.
3410 1861 3506 1920 Sin

1938 1953 2118 1997 autem
2162 1945 2515 1999 vehementer
2561 1945 2798 2002 intendit
2838 1957 3069 2014 motum,
3104 1966 3212 2005 non
3250 1953 3504 2022 quiescit,

1938 2035 2112 2089 donec
2143 2043 2315 2089 totum
2355 2035 2452 2089 toti
2494 2045 2674 2090 amato
2715 2037 3078 2104 immeaverit,
3121 2049 3286 2110 atque
3321 2059 3362 2097 .a
3391 2052 3508 2098 toto

1937 2134 2130 2195 sponte
2178 2127 2637 2197 comprehensum
2688 2127 2876 2193 fuerit,
2929 2130 3076 2199 quod
3123 2139 3295 2188 totum
3338 2136 3506 2191 animi

1937 2218 2217 2287 proposito
2243 2234 2315 2272 ac
2346 2205 2622 2274 voluntate
2643 2221 2932 2276 salutarem
2957 2224 3135 2293 capiat
3163 2225 3509 2284 circumscri-

1937 2306 2201 2376 ptionem,
2230 2316 2289 2362 ut
2320 2315 2515 2373 totum,
2547 2323 2612 2362 eo
2641 2309 2786 2378 quod
2811 2311 3231 2378 circumscribit,
3265 2323 3378 2370 toto
3407 2317 3508 2372 imo

1937 2399 2157 2464 buatur,
2203 2409 2264 2454 ut
2311 2417 2413 2454 nec
2451 2416 2674 2469 prorsus
2698 2402 2809 2471 jam
2841 2418 2907 2456 ex
2948 2403 3128 2473 seipse
3162 2405 3294 2460 illud
3329 2407 3507 2477 ipsum
3542 2462 3545 2466 .

1929 2489 2084 2560 quod
2136 2487 2310 2545 totum
2356 2491 2832 2570 circum-scribitur
2877 2492 3124 2564 dignosci
3157 2512 3314 2566 posse
3349 2499 3506 2561 velit,

1939 2581 2035 2634 sed
2078 2597 2143 2636 ex
2182 2596 2249 2635 eo
2296 2581 2438 2650 quod
2477 2581 2897 2648 circumscribit,
2937 2583 3087 2639 velut
3124 2601 3218 2640 aer
3265 2588 3516 2658 undique-

1939 2669 2060 2724 lucc
2093 2669 2368 2748 perfusus,
2404 2679 2460 2725 et
2486 2669 2692 2725 ferrum
2725 2679 2899 2726 totum
2926 2682 3040 2728 toto
3073 2674 3185 2747 igni
3217 2677 3505 2733 subactum

1866 2802 1868 2804 τ
1938 2762 2349 2832 incensumque,
2376 2770 2470 2816 aut
2496 2761 2540 2815 si
2575 2762 2704 2831 quid
2730 2763 2879 2819 aliud
2905 2761 2988 2820 est
3015 2765 3134 2836 ejus
3161 2768 3398 2838 generis.

2007 2850 2094 2903 71.
2151 2849 2345 2920 Ingens
2381 2851 2628 2920 quaedam
2676 2863 2760 2925 est
2798 2870 2988 2909 eorum
3024 2849 3145 2926 qua:
3197 2839 3506 2930 intelligunt

1936 2956 2058 2994 cum
2092 2940 2159 2994 iis
2182 2935 2302 3009 qua:
2345 2941 2742 3010 intelliguntur,
2783 2951 2839 2997 ct
2868 2951 3057 2998 eorum
3099 2962 3218 3016 qua:
3239 2948 3504 3016 sentiunt,

1937 3037 2059 3084 cum
2085 3031 2154 3084 iis
2177 3047 2299 3099 quae
2325 3046 2488 3093 sensu
2523 3032 2918 3103 percipiuntur,
2954 3038 3301 3110 necessitudo
3323 3041 3507 3108 et.ha-

1936 3122 2145 3175 bitudo.
2200 3111 2371 3176 "nam
2411 3130 2615 3196 autem,
2667 3138 2791 3176 cum
2841 3140 2905 3178 cx
2957 3126 3136 3180 anima
3177 3109 3234 3182 et
3276 3144 3507 3200 corpore

1936 3211 2204 3265 sentiendi
2245 3212 2296 3264 vi
2335 3211 2577 3281 priedito,
2609 3223 2843 3276 constet,
2889 3230 2954 3268 cx
2996 3219 3231 3271 naturali
3263 3219 3510 3276 vicissim

1936 3315 2058 3356 cum
2115 3291 2376 3356 alterutra
2437 3312 2700 3372 creaturae
2765 3307 3042 3375 portione'
3080 3306 3402 3377 habitudine
3450 3320 3506 3365 et

1936 3394 2289 3462 proprietate,
2324 3380 2436 3446 tum
2467 3386 2965 3460 circumscribitur;
3006 3406 3118 3466 tum
3153 3390 3505 3456 circumscriL

1939 3482 2045 3546 bit;
2074 3483 2304 3536 alterum
2331 3482 2550 3550 quidem
2582 3484 2926 3550 substantia;
2962 3487 3187 3546 alteram
3214 3503 3362 3561 vero,
3404 3477 3504 3559 plo-

1933 3573 2124 3627 tculia.
2169 3573 2237 3628 Ut
2280 3589 2475 3644 nempe
2519 3575 3005 3631 circumscribatur
3039 3577 3144 3632 illis
3174 3594 3296 3648 quze
3323 3590 3507 3636 mente

1933 3665 2308 3732 intelliguntur
2333 3681 2395 3719 ac
2417 3681 2538 3734 qum
2573 3657 2732 3722 sensu
2759 3669 3161 3738 percipiuntur,
3191 3671 3315 3726 inde
3341 3673 3502 3742 627

1933 3767 2014 3811 cst
2044 3757 2188 3826 quod
2224 3757 2406 3812 anima
2438 3769 2493 3813 ct
2517 3775 2717 3829 corpus
2737 3757 2944 3824 cst;'ut
2963 3777 3094 3816 vero
3119 3762 3233 3820 hanc
3261 3765 3503 3832 potentia

1935 3845 2370 3909 circumscribat,
2427 3847 2572 3914 quod
2626 3849 2934 3918 intelligens
2981 3866 3044 3904 ac
3101 3853 3344 3906 sentiens
3389 3864 3502 3912 .cst.

1863 3943 1969 3996 est,
2011 3943 2126 3989 tum
2165 3951 2230 3990 ca
2269 3952 2389 4005 qua:
2459 3938 2743 3992 continent
2817 3949 2931 3992 tum
2975 3956 3095 4010 qua».
3131 3943 3500 4010 continentur,

2005 4129 2092 4180 7:2.
2125 4127 2302 4180 Vctita
2332 4128 2511 4182 omnis
2546 4129 2814 4197 voluptas,
2843 4144 2908 4182 ex
2939 4130 3191 4194 passione
3223 4141 3387 4202 atque
3417 4135 3501 4189 at.
3537 4118 3540 4122 ’

1933 4216 2078 4280 fectu
2108 4217 2160 4271 in
2192 4233 2305 4271 rem
2325 4218 2562 4287 aliquam
2581 4220 2764 4273 sensui
2793 4220 3085 4290 obiectam,
3104 4237 3267 4276 sensu
3297 4223 3498 4287 medio,

1933 4309 2183 4377 pronasci
2242 4308 2422 4362 habet.
2478 4309 2595 4363 Non
2640 4309 2786 4362 enim
2841 4310 3090 4379 voluptas
3145 4311 3291 4365 aliud
3344 4311 3505 4381 quid-

1927 4413 2096 4468 (quam
2149 4405 2254 4461 est,
2301 4413 2462 4466 quam
2515 4397 2804 4452 sentientis
2853 4398 3127 4454 facultatis
3173 4402 3386 4470 species
3440 4417 3506 4458 ac

1914 4491 2129 4554 toi-ma,
2167 4490 2244 4544 rci
2279 4489 2510 4562 alicujus
2530 4492 2747 4545 scnsilis
2775 4506 2962 4560 opera,
3006 4493 3060 4546 in
3089 4494 3504 4551 sentiente-form

237 4591 379 4642 ,κατ’
408 4587 700 4656 ἐπιθυμίαν
728 4587 918 4654 ἄλογον
947 4587 1353 4655 συνιστάμενος.
1396 4584 1692 4653 Ἑπιθυμία
1723 4585 1829 4654 γὰρ

1936 4593 2127 4635 mata:
2178 4582 2292 4636 sive
2337 4581 2604 4636 sentiendi
2651 4581 2985 4651 operationis
3024 4584 3238 4648 modus,
3283 4586 3502 4641 irratio—

248 4679 508 4748 αἰσθήσει
539 4677 898 4747 προστεθεῖσα
921 4718 932 4739 ,
971 4679 1048 4737 εἰς
1080 4677 1270 4747 ἡδονὴν
1305 4675 1654 4745 μεταπίπτει,
1692 4670 1830 4737 εἶδος

247 4772 394 4838 αὐτῇ
437 4769 736 4836 ἐπάγουσα·
767 4767 858 4820 καὶ
895 4767 1144 4835 αἴσθησις
1183 4769 1302 4818 κατ’
1335 4765 1632 4836 ἐπιθυμίαν
1673 4783 1830 4835 κινη-

243 4860 432 4925 θεῖσα,
473 4859 666 4928 ἡδονὴν
720 4857 1118 4928 ἀπεργάζεται,
1165 4858 1223 4909 τὺ
1273 4857 1530 4927 αἰσθητὸν
1590 4856 1826 4926 προσλα-

244 4949 447 5002 ϐοὖσα.
477 4949 700 5010 Γνόντες
732 4943 827 5000 οὖν
870 4946 1122 5015 οἰιᾶγιοι,
1156 4947 1235 5000 ὅτι
1275 4947 1363 5000 διὰ
1415 4946 1586 5015 μέσης
1628 4945 1828 5014 σαρκὸς

240 5041 393 5113 πρὸς
424 5041 522 5109 τὴν
577 5039 711 5108 ὓλην
749 5040 783 5108 ἠ
812 5037 959 5108 ψυχὴ
1001 5039 1151 5109 παρὰ
1183 5037 1346 5106 φύσιν
1396 5035 1692 5105 κινουμένη
1727 5035 1826 5106 τὴν

236 5132 444 5204 χοῖκὴν
473 5129 698 5200 ,μορφὴν
731 5129 1041 5191 ὑποδύεται,
1072 5129 1160 5181 διὰ
1193 5128 1365 5198 μέσης
1406 5127 1608 5197 μᾶλλον
1648 5127 1827 5196 ψυχῆς

237 5221 396 5276 κατὰ
442 5221 604 5288 ςρύσιν
659 5219 816 5273 αὐτοὶ
871 5220 1008 5290 πρὸς
1053 5219 1146 5271 τὸν
1189 5219 1320 5270 Θεὸν
1359 5217 1688 5287 κινούμενοι,
1733 5219 1827 5270 καὶ

238 5317 352 5384 τὴν
383 5313 561 5382 σάρκα
594 5311 671 5382 τῷ
711 5310 828 5382 Θεῷ
866 5311 1188 5381 πρεπόντως
1221 5308 1504 5362 οἰκειῶσαι
1552 5307 1828 5376 διενοήθη-

241 5425 375 5468 σαν,
411 5405 477 5458 δι’
509 5406 794 5475 ἀσκήσεως
826 5403 1037 5474 ἀρετῶν
1091 5402 1454 5473 ἐνδεχομένως
1509 5400 1678 5471 αὐτὴν
1706 5403 1824 5464 ταῖς

240 5497 428 5561 θείαις
452 5483 665 5566 suauitas
676 5514 727 5548 σι
754 5495 1220 5556 καλλωπίσαντες.

325 5776 429 5839 ὅγ’.
461 5748 836 5839 Μεγαλοφνῶς
893 5767 944 5820 οἱ
995 5765 1135 5831 ἅγιοι
1195 5759 1333 5817 κατὰ
1388 5761 1478 5816 τὸν
1515 5761 1690 5834 ἀληθῆ
1735 5764 1829 5817 καὶ

1930 4674 2034 4728 nali
2065 4673 2362 4742 cupiditate
2391 4674 2721 4730 consistens.
2748 4675 3033 4745 Cupiditas
3073 4677 3243 4741 enim,
3293 4677 3335 4732 si
3373 4693 3502 4733 scn-

1927 4764 2008 4820 Sui
2060 4765 2303 4829 accedat,
2339 4766 2393 4819 in
2431 4767 2763 4835 voluptatem
2809 4769 3022 4831 transit,
3054 4768 3281 4822 formam
3331 4769 3407 4823 illi
3439 4786 3506 4823 ac

1928 4857 2164 4926 speciem
2213 4856 2512 4922 inducens;
2567 4873 2870 4927 sensusque
2923 4859 3226 4928 cupiditate
3277 4870 3498 4921 motus.

1927 4962 2040 4999 rem
2085 4957 2277 5000 nactus
2321 4962 2538 5001 sensum
2571 4949 2919 5013 aﬂieicntem,
2954 4950 3282 5019 voluptatem
3312 4949 3498 5004 efﬁcit.

1924 5036 2170 5090 Scientcs
2202 5037 2383 5105 itaque
2411 5037 2605 5100 sancti,
2655 5038 2915 5101 animam,
2946 5039 3077 5093 dum
3114 5056 3280 5093 carne
3321 5039 3500 5095 Inedia

1928 5126 2307 5180 innaturaliter
2327 5127 2392 5181 ad
2427 5136 2639 5182 terrena
2673 5138 2944 5193 movetur,
2972 5139 3241 5184 terrenam
3268 5130 3498 5184 formam

1927 5199 2187 5287 induere;
2228 5218 2328 5288 ipsi
2363 5219 2544 5288 potius
2574 5221 2752 5274 media
2779 5221 2960 5293 anima
3002 5237 3070 5275 ex
3099 5230 3304 5279 natura:
3333 5219 3500 5273 ratio-

1927 5308 2091 5362 nibus
2132 5308 2188 5361 in
2233 5308 2404 5361 Deum
2447 5317 2597 5363 motu
2645 5310 3012 5372 connitcntes,
3063 5309 3237 5378 ipsam
3278 5323 3499 5378 quoque

1929 5415 2148 5453 carnem
2186 5400 2574 5454 convenienter
2597 5401 2707 5454 Deo
2734 5401 3028 5454 conciliare
3060 5415 3240 5470 opera-
3260 5401 3496 5469 pretium

1933 5491 2226 5552 duxerunt,
2264 5492 2532 5546 virtutum
2575 5493 2724 5546 cultu
2765 5508 2829 5546 ac
2865 5492 3281 5555 exercitatione,
3316 5491 3498 5560 quoad

1933 5582 2166 5646 licebat,
2220 5581 2424 5636 divinis
2483 5597 2601 5636 eam
2657 5583 3004 5651 pcrornando
3057 5582 3498 5652 repraesentatio-

1932 5673 2112 5726 nibus.
2363 5727 2366 5730 ί

2001 5764 2086 5819 75.
2137 5764 2340 5829 Sancti,
2381 5769 2520 5819 'vero
2560 5781 2622 5820 ac
2662 5766 2930 5842 inoll‘cnso
2969 5773 3150 5820 motus
3186 5780 3252 5820 ex
3299 5773 3492 5819 natura
