4184 6436
236 398 366 464 1381

950 397 1279 459 (ΣΛΡΙΤΗΜ
1324 395 1745 470 ΟυΙΝΟΙΙΙΕδ
1782 395 2299 455 CENTENORI'M
2336 397 2721 459 CENTURIA
2763 402 2830 462 ν.

3343 410 3482 474 1382

230 510 462 561 δίδωσιν·
505 508 741 577 ὁπηνίκα
775 507 842 560 ἂν
870 508 1014 577 ἡμᾶς
1043 506 1343 567 ἀδιδάκτως
1370 506 1560 575 ῶσπερ
1585 505 1787 557 ὠθοῦσα

1906 500 2051 555 mine
2075 501 2329 566 docente,
2367 504 2419 557 in
2452 507 2758 574 repentinis
2798 508 3017 561 casibus
3046 508 3113 563 ad
3156 511 3325 567 Deum
3355 532 3483 586 pre-

229 600 366 665 πρὸς
395 598 489 651 τὸν
532 599 665 651 Θεὸν
700 598 786 650 διὶι
817 597 924 649 τῶν
954 596 1128 667 εὐχῶν
1166 598 1223 649 ὲν
1265 598 1383 658 ταῖς
1420 593 1679 663 ἐξαίφνης
1708 611 1801 646 πε-

230 691 565 757 ριστάσεσιν,
596 690 806 742 ἐκεῖθεν
841 691 1023 759 ζητεῖν
1044 689 1142 757 τὴν
1164 688 1437 757 σωτηρίαν
1461 684 1804 755 παρασκευάο

226 781 316 850 Cn.
362 783 483 833 ⁹Υπ“
508 783 753 851 ἀνάγκης
797 782 906 850 γάρ
933 782 1087 847 ἄφνω
1118 778 1531 847 συλληφθέντες,
1574 778 1803 847 άτιροαι⁶

227 871 401 940 ρέτως
438 873 566 942 πρίν
594 891 648 925 τι
691 872 1016 942 σκέψασθαι,
1046 871 1137 923 τὸν
1161 870 1293 923 Θεὸν
1323 866 1689 935 ὲπιὸοώμεθα·
1727 868 1803 930 ὠς

224 961 294 1013 ἂν
322 963 421 1031 τῆς
448 964 704 1032 προνοίας
736 964 905 1033 αὐτῆς
941 963 1079 1033 πρὸς
1129 962 1351 1031 ἑαυτὴν,
1395 961 1490 1013 καὶ
1529 960 1801 1028 λογισμῶν

223 1053 415 1121 χωρὶς,
471 1052 736 1121 ἑλκούσης
781 1053 946 1121 ἡμᾶς,
981 1054 1074 1103 καὶ
1104 1052 1165 1104 τὸ
1192 1052 1355 1121 τάχος
1403 1051 1504 1119 τῆς
1559 1053 1617 1103 ἐν
1669 1054 1802 1121 ἡμῖν

224 1143 422 1213 νοερᾶς
455 1142 692 1211 νικώσης
721 1142 1023 1213 δυνάμεως,
1061 1144 1156 1195 καὶ
1196 1142 1411 1195 πάντων
1446 1142 1801 1213 ἰσχυροτέραν

223 1232 323 1302 τὴν
350 1232 501 1285 θείαν
534 1234 991 1303 προδεικνυούσης
1024 1235 1299 1304 βοήθειαν.
1332 1235 1445 1287 Οὐκ
1472 1234 1535 1287 ἂν
1566 1236 1620 1287 δὲ
1651 1236 1801 1305 ἡμᾶς

224 1320 362 1395 ἦγεν
402 1328 785 1398 ἀπροαιρέτως
818 1331 851 1397 ἠ
889 1328 1077 1396 φύσις,
1129 1330 1222 1381 ἐπὶ
1268 1328 1330 1381 τὸ
1370 1329 1441 1398 μὴ
1488 1329 1646 1397 φύσιν
1680 1330 1800 1398 ἔχον

223 1418 491 1482 γίνεσθαι·
550 1420 657 1471 πᾶν
690 1419 746 1471 δὲ
792 1419 853 1471 τὸ
897 1420 1099 1487 ὁτῳοῦν
1133 1419 1379 1486 φυσικῶς
1408 1420 1693 1488 ἑπόμενον,
1726 1420 1799 1482 ώς

221 1510 395 1561 πᾶσιν
416 1509 658 1579 εΰδηλον,
686 1510 913 1579 ἰσχυρὰν
945 1511 1055 1579 ἔχει
1088 1509 1181 1563 κοιλ⁸
1202 1510 1629 1579 άκαταμάχητον
1660 1511 1799 1563 κατὰ

220 1599 325 1666 τὴν
354 1598 631 1663 άπῶειξιν
661 1603 759 1666 τῆς
796 1600 1050 1669 ἀληθείας
1077 1600 1176 1668 τὴν
1204 1600 1459 1669 δύναμιν.

293 1697 395 1762 οη⁹.
450 1691 667 1761 Ἐπειδὴ
698 1692 806 1744 τῶν
844 1691 1032 1750 ὄντων,
1076 1692 1145 1743 τὰ
1193 1690 1292 1759 μὲν
1326 1690 1471 1742 ἔστιν
1503 1690 1702 1759 ἀγαθὰ,
1729 1690 1796 1742 τά

219 1790 279 1843 δὲ
326 1780 529 1849 φαῦλα·
565 1781 735 1834 ταῦτα
774 1782 851 1847 δὲ,
883 1784 916 1853 ἢ
950 1784 1193 1855 παρόντα
1229 1784 1377 1836 ἐστὶν
1424 1785 1456 1850 ἢ
1511 1783 1794 1853 μέλλονταο

1903 590 2059 643 cibus
2076 591 2368 661 confugere
2395 592 2703 662 impellens,
2730 595 2857 649 inde
2875 596 3109 651 salutem
3130 604 3480 668 quaerendam

1904 680 2150 734 instruit.
2198 680 2395 735 Subito
2444 683 2594 736 enim
2648 686 2977 741 necessitate
3019 691 3282 759 correpti,
3331 702 3481 750 nullo

1904 771 2137 825 rationis
2200 772 2455 839 consilio,
2511 775 2661 828 nulla
2718 776 3111 835 deliberatione
3176 798 3478 852 prmmissa,

1901 860 2071 916 Deum
2120 862 2480 931 invocamus;
2537 875 2798 936 tanquam
2849 885 2948 923 nos
2991 873 3056 925 ad
3092 878 3329 944 seipsam
3361 879 3481 934 sine

1904 952 2029 1006 ullis
2050 953 2378 1015 rationibus,
2416 956 2532 1025 ipsa
2557 957 2738 1010 trahat
2764 960 3132 1028 providentia,
3166 966 3479 1038 intelligen-

1901 1043 2067 1113 dique
2117 1045 2172 1098 in
2222 1040 2383 1113 nobis
2429 1048 2767 1104 celeritatem
2808 1053 3057 1116 vincens,
3095 1058 3349 1112 omnibus
3383 1077 3479 1130 po-

1902 1137 2195 1190 tentiorem
2222 1138 2465 1192 divinam
2492 1154 2652 1207 opem
2681 1145 3002 1210 praetendat.
3036 1148 3326 1217 Nunquam
3348 1166 3480 1203 vero

1899 1237 2095 1280 natura
2140 1228 2451 1283 inconsulto
2514 1232 2773 1301 nullaque
2818 1250 3094 1302 prateunte
3144 1242 3357 1295 ratione
3413 1258 3481 1295 eo

1901 1323 2167 1387 traheret,
2218 1324 2365 1393 quod
2414 1334 2611 1380 natura
2656 1327 2771 1381 ﬁeri
2809 1345 2918 1382 non
2956 1343 3156 1399 posset.
3200 1335 3477 1404 Quidquid

1899 1422 2085 1468 autem
2124 1415 2216 1467 uili
2250 1416 2325 1468 rei
2367 1425 2567 1469 natura
2614 1433 2796 1472 eomes
2829 1430 2933 1483 est,
2966 1422 3016 1474 id
3056 1440 3205 1486 vero,
3239 1435 3292 1479 ut
3339 1443 3476 1481 cun-

1899 1505 2002 1558 ctis
2034 1506 2381 1559 manifestum
2412 1516 2517 1567 est.
2560 1506 2766 1561 ﬁrmam
2802 1519 2854 1563 et
2884 1511 3301 1581 insuperabilcm
3331 1534 3479 1571 assc-

1899 1598 2067 1651 renda
2092 1599 2319 1653 veritate
2343 1599 2452 1652 vim
2479 1600 2662 1654 habet.

1968 1687 2054 1740 78.
2101 1688 2237 1742 Cum
2291 1704 2500 1752 rerum,
2557 1691 2676 1745 alia:
2725 1691 2903 1756 bonze,
2958 1694 3077 1746 alim
3132 1698 3283 1749 malm
3328 1697 3473 1759 sint;

1898 1778 2089 1847 haeque
2122 1779 2261 1833 adeo
2301 1781 2386 1834 vel
2438 1792 2738 1850 praesentes
2770 1786 2899 1847 sint,
2936 1787 3022 1838 vel
3050 1786 3245 1840 futurae
3281 1806 3293 1841 :
3331 1789 3476 1856 quod

222 1869 673 1940 προσδοκώμενον
706 1872 805 1939 μὲν
835 1872 1057 1939 ἀγαθὸν,
1089 1873 1386 1942 ἐπιθυμίαν
1408 1873 1582 1925 καλεῖ·
1620 1872 1787 1939 παρὸν

1897 1868 2101 1921 bonum
2144 1884 2410 1938 suspensa
2452 1873 2862 1938 exspectatione
2908 1883 3074 1935 tenet,
3118 1878 3474 1944 cupiditatem

218 1957 302 2021 δὲ,
342 1959 535 2029 ἡδονήν
567 1976 579 1987 ·
630 1960 722 2012 καὶ
757 1960 941 2025 πάλιν,
973 1962 1419 2032 προσδοκώμενον
1475 1963 1574 2033 μὲν
1600 1961 1790 2025 κακὸν,

218 2050 408 2117 φόϐον⁸
446 2052 620 2121 παρὸν
653 2052 729 2117 δὲ,
756 2051 954 2123 λύπην·
981 2054 1054 2115 ὡς
1090 2049 1229 2108 εἷναί
1252 2072 1307 2108 τε
1337 2056 1431 2108 καὶ
1452 2054 1789 2124 θεωρεῖσθαι,

216 2142 351 2212 περὶ
382 2142 481 2212 μὲν
511 2142 579 2195 τὰ
613 2144 773 2208 καλὰ,
805 2146 913 2196 εἴτε
959 2144 1026 2197 τὰ
1074 2146 1242 2209 ὅντως
1271 2146 1419 2207 ὄντα,
1458 2146 1568 2198 εἴτε
1607 2147 1675 2198 τά
1706 2163 1792 2198 voc

219 2232 493 2300 μιζόμενα
514 2274 527 2296 ,
560 2235 661 2303 τὴν
714 2235 906 2306 ἡδονὴν
941 2236 1032 2288 καὶ
1067 2237 1165 2306 τὴν
1209 2237 1535 2309 ἐπιθυμίαν·
1574 2238 1701 2308 περὶ
1734 2238 1791 2290 δὲ

214 2325 283 2376 τὰ
314 2324 513 2391 φαῦλα,
544 2326 643 2396 τὴν
688 2326 867 2395 λύπην
901 2329 995 2381 καὶ
1043 2328 1134 2381 τὸν
1183 2329 1365 2398 φόϐον.
1398 2330 1506 2382 Καὶ
1537 2331 1643 2401 γάρ
1674 2332 1793 2382 ἐπι-

210 2416 558 2484 τυγχάνουσα
587 2418 685 2486 μὲν
708 2419 741 2487 ἡ
763 2417 1051 2488 ἐπιθυμία,
1091 2420 1286 2491 ἡδονὴν
1318 2421 1630 2491 ἐργάζεταιο
1654 2423 1790 2474 ἀπο-

210 2510 559 2578 τυγχάνουσα
583 2510 641 2563 δὲ
689 2510 883 2581 λύπην.

285 2759 384 2814 οϐ’.
419 2762 603 2814 Κακὸν
659 2758 803 2816 εἷναί
847 2778 980 2831 φασι
1034 2764 1217 2817 πᾶσαν
1257 2763 1437 2836 λύπην
1481 2770 1547 2838 τῇ
1584 2769 1787 2839 ἑαυτῆς

211 2850 397 2917 φύσει.
434 2852 551 2905 Κᾶν
576 2853 683 2922 γάρ
706 2855 735 2905 ὁ
778 2854 1063 2917 σπουδαῖος
1092 2857 1179 2908 ἐπ’
1207 2856 1505 2929 ἀλλοτρίοις
1551 2860 1787 2932 λυπῆται

211 2945 429 3006 κακοῖς,
477 2944 550 3006 ὡς
591 2946 862 3015 ἐλεήμων,
898 2946 1013 3000 ἀλλ’
1048 2948 1108 2999 οὐ
1162 2953 1589 3020 προηγουμένως
1645 2956 1788 3007 κατὰ

209 3030 493 3101 πρόθεσιν,
544 3031 657 3083 ἀλλ’
692 3034 1042 3103 ἐφεπομένως
1078 3036 1219 3087 κατὰ
1273 3038 1625 3107 περίστασινο
1664 3044 1691 3096 ὁ
1730 3044 1786 3096 δὲ

208 3120 568 3188 θεωρητικὸς,
605 3120 707 3173 κᾶν
738 3121 948 3184 τούτοις
990 3124 1206 3193 ἀπαθὴς
1248 3125 1513 3195 διαμένει,
1546 3130 1786 3199 συνάψας

1896 1968 2083 2023 vocat;
2114 1959 2260 2028 quod
2295 1970 2478 2013 autem
2510 1961 2564 2014 in
2593 1972 2845 2031 promptu
2881 1980 2943 2018 ac
2979 1981 3220 2034 pnesens
3241 1979 3343 2027 est,
3376 1985 3473 2021 vo—

1895 2050 2203 2118 luptatem:
2241 2066 2303 2104 ac
2346 2068 2558 2115 rursus,
2605 2063 2979 2122 exspectatum
3030 2058 3253 2122 malum,
3311 2061 3485 2112 time.-

1896 2154 2044 2205 rem;
2073 2141 2217 2209 quod
2242 2157 2372 2195 vero
2412 2157 2656 2211 praesens
2698 2144 2864 2213 629
2893 2156 2997 2209 est,
3041 2148 3317 2203 tristitiam
3351 2153 3475 2203 ani-

1896 2231 2077 2300 mique
2109 2231 2378 2287 dolorem.
2410 2234 2486 2289 Ita
2527 2234 2758 2298 scilicet,
2798 2245 2855 2289 ut
2880 2236 3024 2290 eirea
3054 2238 3214 2299 bona,
3240 2240 3353 2293 sive
3382 2240 3472 2294 illa

1894 2336 2083 2374 revera
2108 2322 2250 2376 bona
2284 2323 2413 2388 sint,
2447 2323 2561 2377 sive
2598 2322 2932 2391 existimata,
2962 2335 3075 2379 tum
3107 2328 3357 2397 voluptas
3380 2345 3474 2383 cx-

1891 2413 2086 2465 sistant
2114 2422 2169 2466 et
2211 2413 2589 2483 intelligantur
2635 2426 2747 2469 tum
2783 2417 3093 2486 cupiditas;
3141 2419 3287 2473 circa
3332 2421 3471 2474 mala

1890 2516 2041 2564 vero,
2087 2510 2268 2556 metus
2305 2513 2361 2556 et
2411 2505 2653 2559 tristitia.
2712 2507 2776 2561 Et
2821 2510 2967 2562 enim
3032 2511 3300 2579 cupiditas
3354 2514 3470 2567 voti

1890 2606 2116 2658 compos
2160 2590 2376 2655 effecta,
2414 2594 2750 2663 voluptatem
2792 2597 2967 2664 parit;
3007 2613 3075 2652 eo
3126 2615 3307 2654 au;em
3348 2601 3480 2657 [τυ-τ

1888 2689 2078 2743 strata,
2111 2681 2279 2736 animi
2311 2683 2555 2737 dolorem
2576 2700 2638 2739 ac
2666 2687 2946 2740 tristitiam
2978 2686 3128 2741 facit.

1957 2770 2043 2823 79.
2087 2770 2391 2826 Tristitiam
2444 2788 2662 2827 omnem
2710 2775 2991 2845 animique
3041 2776 3309 2844 dolorem,
3364 2794 3467 2836 sua

1890 2858 2067 2927 ipsum
2104 2861 2287 2916 indole
2321 2863 2522 2917 malum
2565 2879 2685 2919 csse
2729 2866 2903 2920 aiunt.
2954 2866 3274 2939 Quanquam
3318 2873 3467 2926 enim

1888 2952 2169 3007 studiosus
2203 2969 2267 3008 ac
2300 2955 2521 3010 virtutis
2552 2958 2735 3012 cultor
2775 2974 2844 3013 ex
2880 2960 3074 3015 alienis
3105 2963 3266 3017 malis
3296 2964 3466 3018 tristi-

1888 3041 2018 3094 tiam
2057 3045 2306 3108 assumit,
2349 3045 2607 3116 doletque
2637 3049 2841 3112 animo,
2887 3060 2947 3103 ut
2981 3051 3313 3117 misericors,
3354 3072 3463 3109 non

1887 3139 2066 3186 tamen
2098 3134 2362 3202 primario
2407 3139 2611 3192 mentis
2661 3139 2873 3193 ratione
2920 3155 2983 3195 ac
3020 3145 3323 3212 proposito,
3368 3148 3463 3200 sed

207 3206 405 3259 ἑαυτὸν
457 3206 535 3277 τῷ
585 3208 725 3279 Θεῷ,
782 3211 878 3263 καὶ
922 3210 1031 3263 τῶν
1079 3214 1204 3283 τῇδε
1257 3214 1472 3269 πάντων
1499 3217 1783 3289 ἀλλοτριώ·

1888 3234 2324 3293 consequenter;
2348 3238 2611 3295 quantum
2634 3230 2844 3285 scilicet
2866 3232 3093 3287 suadeat
3111 3235 3227 3304 ipsa
3247 3236 3463 3291 adversi

207 3313 335 3359 σας.

1888 3326 2049 3369 casus
2081 3317 2239 3371 ratio.
2280 3318 2370 3381 At,
2408 3320 2503 3388 qui
2538 3330 2832 3389 provectus
2861 3327 3324 3396 contemplatione
3356 3340 3460 3392 est,

208 3386 266 3441 in
301 3389 388 3443 his
431 3405 648 3459 quoque
683 3390 872 3446 dolore
915 3393 1250 3475 inviolabilis
1294 3406 1499 3461 manet,
1541 3414 1634 3467 qui
1669 3400 1785 3468 ipse
1821 3404 2060 3474 seipsum
2089 3406 2205 3461 Deo
2230 3386 2600 3480 conjun-xerit,
2660 3423 2823 3483 atque
2852 3429 2881 3467 a
2913 3386 3146 3471 terrenis
3205 3419 3464 3474 omnibus

206 3478 456 3531 animum
490 3481 818 3549 abjunxerit.

280 3579 356 3627 π’.
394 3575 456 3625 0i
483 3574 627 3641 ἆγιοι
653 3575 853 3638 πάντες
891 3575 984 3629 τοῦ
1016 3579 1160 3633 θείου
1194 3581 1289 3633 καὶ
1319 3582 1590 3647 ἀπλανοῦς
1625 3585 1782 3655 λόγου

205 3662 451 3729 γνησίως
503 3663 917 3733 ἐπειλημμένοι,
946 3666 1037 3717 τὸν
1071 3667 1242 3757 αίῶχα
1270 3669 1459 3723 τοῦτον
1498 3672 1778 3743 διέϐησαν,

204 3754 385 3806 οὐδενὶ
420 3753 527 3806 τῶν
560 3756 618 3805 ἐν
647 3756 795 3824 αύτῷ
831 3758 1081 3827 τερπνῶν
1133 3753 1196 3811 τδ
1252 3761 1355 3831 τῆς
1406 3762 1583 3833 ψυχῆς
1639 3767 1781 3834 ῐχνος

204 3845 675 3915 δναπερείσαντες.
713 3846 851 3917 [Ιρὸς
884 3849 993 3919 γὰρ
1024 3852 1147 3913 τοὺς
1180 3851 1381 3921 ἄκρους
1414 3848 1525 3906 τῶν
1568 3857 1781 3927 ἀνθρὼ-

205 3952 334 3998 ποις
363 3936 599 4005 ἐφικτῶν
635 3938 760 4008 περὶ
792 3938 927 3990 Θεοῦ
955 3940 1167 4008 λόγους,
1209 3946 1308 4014 τῆς
1337 3946 1668 4017 άγαθότητός
1716 3951 1777 4002 τέ

204 4045 355 4097 φημι
412 4028 506 4080 καὶ
551 4029 650 4099 τῆς
681 4030 921 4100 ἀγάπης,
979 4032 1122 4100 μάλα
1151 4051 1213 4101 γε
1245 4037 1467 4098 εἰκότως
1510 4038 1600 4092 τον
1652 4041 1772 4095 νοῦν

200 4119 667 4181 ἀναπετάσαντες·
701 4115 783 4183 οἷς
814 4121 1101 4190 κινηθέντα
1144 4125 1235 4177 τὸν
1267 4125 1417 4190 Θεὸν,
1450 4128 1510 4179 τὸ
1550 4124 1691 4181 εἷναί
1715 4148 1774 4184 τε

198 4206 388 4259 δοῦναι
412 4210 522 4269 τοῖς
545 4205 686 4271 οῦσι,
733 4211 828 4262 καὶ
855 4211 917 4263 τὸ
960 4208 1019 4265 εὖ
1068 4207 1208 4265 εἶναι
1238 4215 1587 4285 χαρίσασθαι,
1619 4220 1774 4271 ἐπαι-

196 4297 497 4363 δεύθησαν’
530 4299 691 4368 εἴπερ
720 4300 937 4370 κίνησιν
970 4303 1062 4354 ἐπὶ
1084 4301 1220 4355 Θεοῦ
1254 4303 1347 4356 τοῦ
1381 4305 1545 4374 μόνου
1577 4307 1771 4379 ἀκινή-

196 4404 298 4440 του
355 4387 513 4456 θέμις
543 4390 738 4454 είπείν,
791 4391 926 4444 ἀλλὰ
990 4392 1064 4461 μὴ
1121 4395 1319 4462 μᾶλλον
1363 4395 1637 4468 βούλησιν,
1676 4400 1772 4470 τὴν

199 4479 384 4532 πάντα
432 4479 688 4532 κινοῦσάν
738 4499 816 4543 τε,
856 4484 951 4535 καὶ
1007 4487 1084 4545 εἰς
1123 4486 1183 4535 τὸ
1232 4482 1368 4538 εἶναι
1416 4491 1771 4559 παράγουσαν
1807 4464 1848 4517 D

198 4572 297 4625 καὶ
332 4571 678 4641 συνέχουσαν,
736 4574 1062 4645 κινουμένην
1097 4575 1151 4627 δὲ
1199 4577 1446 4646 οὐδαμῶς
1496 4578 1769 4633 οὐδέποτε.

277 4771 390 4816 παν.
437 4765 498 4816 'H
517 4764 665 4834 ψυχὴ
696 4766 855 4817 οὐσία
884 4764 1046 4833 νοερὰ
1069 4782 1128 4816 τε
1162 4767 1253 4817 καὶ
1275 4765 1466 4838 λογικὴ
1494 4768 1767 4840 ὑπάρχου-

198 4872 294 4915 σα.
330 4855 423 4907 καὶ
452 4859 563 4907 νοεῖ
589 4857 685 4908 καὶ
719 4855 1018 4923 λογίζεται·
1056 4855 1285 4926 δύναμιν
1322 4860 1418 4928 μὲν
1450 4858 1648 4929 ἔχουσα
1678 4862 1771 4915 τὸν

196 4946 350 5000 νοῦν
387 4946 601 5016 κίνησιν
632 4947 709 5008 δὲ,
738 4946 838 5017 τὴν
878 4947 1084 5017 νόησιψ
1116 4948 1397 5018 ἐνέργειαν
1438 4950 1516 5015 δὲ,
1549 4952 1608 5004 τὸ
1645 4953 1770 5024 νόηο

200 5056 281 5109 μα
318 5038 415 5109 (η),
453 5037 633 5108 Πέρας
670 5038 779 5108 γὰρ
807 5038 983 5102 τοῦτο,
1026 5039 1124 5107 τῆς
1155 5057 1214 5092 τε
1256 5040 1350 5093 τοῦ
1399 5042 1641 5106 νοοῦντος
1682 5047 1774 5098 καὶ

194 5126 297 5181 τοῦ
332 5126 621 5195 νοουμένου
650 5126 886 5198 νοήσεώς
926 5129 1092 5192 ἐστιν,
1123 5127 1198 5190 ὠς
1234 5134 1634 5201 περιοριστικδν
1672 5134 1771 5203 τῆς

198 5218 339 5288 πρὸς
370 5216 571 5286 ἄλληλα
611 5216 720 5270 τῶν
750 5217 932 5286 ἄκρων
975 5218 1217 5287 ὑπάρχον
1259 5220 1516 5289 σχέσεως.
1558 5223 1772 5278 Νοοῦσα

273 5427 353 5491 (n)
400 5428 735 5501 jErépretar
773 5430 871 5501 δὲ,
904 5430 970 5483 τὸ
1012 5432 1227 5501 νόημα.
1268 5432 1427 5485 Varia
1471 5447 1589 5501 ejus
1628 5435 1778 5487 vocis

196 5496 481 5566 acceptio,
517 5498 716 5566 saepius
761 5500 992 5553 Maximo
1035 5496 1312 5563 discussa;
1357 5518 1418 5556 ea
1458 5496 1774 5561 occasione,

196 5565 348 5632 quod
378 5582 476 5634 pro
502 5565 617 5638 ipsa
643 5570 959 5638 operatione
984 5570 1068 5624 vel
1094 5570 1373 5633 facultate,
1401 5587 1504 5625 una
1538 5574 1591 5625 in
1621 5574 1778 5627 Chri-

196 5644 287 5688 sto
316 5636 692 5710 asserebatur,
711 5639 796 5693 liis
826 5641 920 5709 qui
958 5639 1199 5710 proxime
1232 5641 1570 5710 Eutyehiano
1600 5645 1777 5696 errori

1957 3589 2044 3643 80.
2087 3590 2273 3645 Sancti
2310 3608 2501 3647 omnes
2530 3594 2719 3648 divino
2760 3607 3032 3668 certa-que
3062 3602 3310 3658 veritatis
3344 3604 3461 3659 sin-

1883 3696 2008 3735 cere
2055 3698 2122 3735 ex
2167 3684 2353 3737 animo
2399 3700 2654 3742 sermone
2700 3700 2938 3758 arrepto,
2987 3692 3154 3747 hocce
3200 3696 3459 3752 saeculum

1882 3774 2256 3839 transierunt,
2297 3768 2433 3829 nulli
2469 3792 2660 3832 eorum
2699 3796 2820 3849 qua:
2855 3781 2912 3836 in
2946 3799 3013 3838 eo
3050 3785 3328 3842 oblectant
3366 3789 3461 3843 dc-

1884 3861 1989 3916 ﬁxo
2014 3865 2182 3918 animi
2219 3868 2468 3937 vestigio.
2501 3869 2583 3923 Ad
2621 3885 2902 3939 supremas
2927 3876 3073 3930 enim
3100 3877 3167 3932 ad
3194 3894 3331 3948 quas
3359 3895 3459 3950 pro

1882 3953 2117 4009 humana
2144 3959 2279 4011 eniti
2310 3962 2518 4013 ratione
2551 3962 2699 4028 licet,
2729 3964 2795 4020 de
2822 3966 2933 4021 Deo
2959 3969 3197 4024 rationes
3221 3970 3459 4039 (bonita-

1881 4045 1952 4098 tis
1971 4046 2182 4101 scilicet
2204 4065 2268 4101 ac
2291 4049 2621 4123 dilectionis)
2648 4070 2746 4123 per
2768 4072 2931 4126 quam
2956 4070 3079 4128 apte
3102 4076 3167 4114 ac
3188 4064 3457 4118 concinne

1879 4137 2122 4191 animum
2156 4141 2515 4208 explicantes,
2552 4132 2886 4212 didicerunt,
2920 4150 3125 4218 quibus
3161 4153 3307 4207 Deus
3341 4171 3458 4209 mo-

1880 4233 1988 4290 tus,
2022 4228 2186 4283 rebus
2216 4241 2277 4283 ut
2312 4242 2489 4285 essent
2522 4235 2797 4301 tribuerit,
2827 4248 2884 4293 ct
2914 4249 2973 4293 ut
3011 4240 3150 4295 bene
3187 4243 3455 4315 beateque

1878 4325 2060 4370 essent
2094 4319 2320 4387 largitus
2360 4322 2460 4385 sit;
2511 4323 2557 4377 si
2602 4326 2763 4381 modo
2799 4328 2853 4381 in
2891 4330 3001 4384 Deo
3037 4340 3218 4385 motus
3262 4350 3451 4390 vocem

1879 4421 2143 4473 usurpare
2197 4409 2345 4473 licet,
2394 4413 2489 4480 qui
2538 4415 2687 4469 solus
2735 4429 2818 4471 est
2864 4420 3161 4477 immobilis
3194 4442 3207 4476 :
3238 4435 3295 4479 et
3342 4443 3451 4481 non

1877 4497 2059 4564 potius
2093 4498 2411 4565 voluntatis,
2439 4520 2560 4573 quae
2588 4509 2769 4562 omnia
2806 4523 3042 4577 moveat,
3071 4515 3235 4584 inque
3267 4533 3451 4572 rerum

1877 4598 2125 4642 naturam
2162 4592 2429 4659 producat
2453 4611 2516 4651 ac
2546 4599 2844 4665 contineat,
2878 4619 2980 4659 nec
3010 4606 3123 4676 ipsa
3156 4616 3335 4664 tamen
3367 4614 3452 4666 ul-

1874 4679 1984 4732 lum
2020 4696 2260 4750 unquam
2288 4695 2496 4741 motum
2524 4690 2792 4746 admittat.

1943 4772 2029 4826 8i.
2073 4772 2266 4829 Anima
2308 4777 2646 4850 intelligendi
2678 4798 2741 4837 ac
2775 4786 3006 4841 rationis
3034 4788 3085 4842 vi
3120 4792 3367 4858 prmdita,
3398 4806 3455 4849 et

1878 4861 2137 4934 intelligit
2167 4874 2222 4920 et
2261 4869 2653 4936 ratiocinatur;
2694 4873 3037 4942 facultatem,
3073 4890 3310 4934 mentem
3352 4883 3451 4938 lia-

1879 4955 2041 5021 bens;
2079 4969 2311 5023 motum,
2347 4960 2774 5019 intellectionem
2800 4984 2815 5031 ;
2846 4970 3123 5038 ἐνέργειαν
3157 4974 3336 5039 (velut
3365 4959 3454 5029 ac—

1881 5056 1993 5101 tum
2028 5048 2178 5103 dicas
2210 5060 2265 5105 et
2294 5053 2447 5121 quasi
2479 5057 2769 5127 effectum)
2804 5061 3082 5117 notionem
3113 5074 3274 5134 atque
3317 5082 3451 5120 con-

1878 5148 2115 5207 ceptum.
2143 5141 2238 5194 Est
2260 5143 2408 5197 enim
2436 5157 2754 5215 conceptus,
2782 5157 2897 5204 tum
2924 5152 3297 5223 intelligentis,
3336 5166 3450 5209 tum

1877 5230 1997 5299 ejus
2021 5232 2164 5300 quod
2208 5233 2557 5306 intelligitur,
2602 5238 2743 5303 ﬁnis,
2784 5250 2843 5293 ut
2874 5244 3031 5312 cujus
3059 5244 3149 5309 sit,
3178 5255 3236 5299 ut
3273 5256 3452 5301 extre.

1878 5436 1932 5489 in
1959 5445 2153 5490 natura
2184 5444 2289 5498 est,
2316 5451 2425 5490 non
2460 5440 2691 5497 naturaii
2726 5440 3011 5507 praeditum
3044 5441 3316 5496 facultate.
3352 5441 3393 5494 ll
3420 5458 3450 5496 c

1878 5509 2183 5574 ἐνέργειαν.
2222 5508 2396 5574 ipsum
2443 5508 2575 5561 dicit
2622 5510 3012 5579 intellectionis
3054 5512 3343 5565 terminum
3386 5527 3446 5565 ac

1878 5578 2136 5637 verbum,
2172 5577 2223 5629 in
2259 5592 2368 5644 quo
2407 5594 2559 5631 mens
2593 5596 2703 5631 rem
2743 5577 3066 5636 intueretur.
3102 5582 3447 5635 Anastasium

1875 5648 2097 5714 exponit
2140 5647 2451 5718 Maximus,
2488 5649 2616 5701 dum
2672 5665 2831 5702 unam
2887 5652 3000 5718 ipse
3050 5651 3267 5704 videtur
3312 5652 3448 5704 veUc

194 5704 557 5769 accedebant,
586 5724 692 5790 qua
731 5704 1423 5790 dvsy'épﬂtovnhumanam
1465 5711 1518 5790 in
1560 5710 1780 5790 Christo

1888 5704 2185 5790 ἐνέργειαν,
2235 5732 2335 5784 pro
2379 5704 2613 5790 effectu,
2661 5719 2714 5771 in
2769 5720 2853 5775 his
2890 5704 3018 5790 quae
3060 5737 3127 5777 ex
3178 5720 3451 5776 Vaticanis

195 5783 456 5829 naturam
495 5776 789 5845 ponebant,
824 5776 994 5848 ipsam
1032 5779 1304 5846 tollentes,
1336 5781 1606 5852 siquidem
1643 5782 1775 5837 nihil

1878 5784 2036 5839 codd.
2065 5786 2182 5856 ejus
2209 5788 2514 5857 argumenti
2549 5787 2761 5845 damus.
