4184 6436
172 434 312 502 1385

869 431 1202 498 CAPITUM
1239 425 1662 504 QUINQUIES
1700 420 2224 484 CENTENORUM
2263 421 2656 484 CENTURIA
2693 424 2762 486 V.

3292 419 3430 488 1386

167 548 252 600 ὅτι
282 546 376 599 καὶ
399 544 562 608 αὐτὸς
603 545 632 597 ὁ
670 542 887 602 πάντων
925 543 1119 606 αἴτιος,
1145 540 1224 611 τῷ
1252 540 1402 609 καλῷ
1431 538 1527 591 καὶ
1551 533 1742 604 ἀγαθῷ

1859 531 2080 586 :endum
2110 549 2122 584 :
2148 531 2306 600 631
2332 531 2631 600 ipsummet
2660 533 2824 589 etiam
2847 533 3094 589 omnium
3113 531 3428 599 Auctorem,

165 639 279 690 τῶν
316 638 534 689 πάντων
586 634 784 704 ἔρωτι,
844 633 912 684 διε
971 629 1278 702 ὑπερϐολὴν
1333 629 1430 696 τῆς
1475 627 1745 697 ἐρωτικῆς

167 725 526 796 ἀγαθότητος,
556 723 663 787 ἔξω
692 723 888 775 ἑαυτοῦ
931 721 1164 788 γίνεται,
1215 722 1334 781 ταῖς
1387 718 1464 780 εἰς
1507 715 1574 768 τὰ
1617 716 1747 768 ὄντα

168 820 349 872 πάντα
384 815 686 884 προνοίαις,
721 814 818 866 καὶ
861 807 976 864 οἷον
1016 810 1317 879 ἅγαοότητι
1350 810 1441 862 καὶ
1467 809 1746 876 ἀγαπήσει

168 908 266 961 καὶ
302 908 468 974 ἔρωτι
517 905 771 972 θέλγεται
793 919 808 932 °
861 904 953 956 καὶ
1001 905 1077 979 ἐκ.
1109 902 1206 955 τοῦ
1241 902 1383 970 ὑπὲρ
1418 899 1613 961 πάντα,
1643 897 1749 950 ’καὶ

168 1003 389 1056 παντων
416 999 782 1069 ἐξῃρημένον,
815 997 952 1066 πρὸς
969 996 1030 1048 τὸ
1053 998 1110 1047 ὲν
1139 997 1270 1047 πᾶσι
1301 992 1598 1058 κατάγεται
1626 989 1748 1048 κατ’

165 1088 500 1158 ἐκστατικὴν
529 1086 854 1156 ὑπξρούσιον
897 1085 1152 1158 δύναμιν,
1199 1080 1588 1150 ὰνεκφοίτητος
1619 1079 1749 1130 ἑαυ-

165 1180 265 1232 τοῦ
317 1181 414 1250 (o).
455 1179 547 1230 Διὸ
599 1179 690 1241 καὶ
750 1177 1001 1246 ζηλωτὴν
1036 1175 1201 1227 αὑτὸν
1228 1175 1278 1226 οἱ
1307 1171 1376 1223 τὰ
1407 1172 1538 1224 Θεία
1587 1165 1751 1220 δεινοὶ

169 1271 696 1342 προσαγορεύουσιν,
735 1271 812 1333 ὼς
846 1268 1014 1320 πολὺν
1047 1267 1140 1319 τὸν
1167 1269 1248 1328 εἰς
1277 1265 1344 1317 τὰ
1385 1263 1515 1315 ὄντα
1540 1257 1745 1326 ἀγαθὸν

167 1364 372 1432 ἔρωτα,
407 1362 503 1414 καὶ
542 1361 619 1424 ὡς
668 1361 808 1431 πρὸς
857 1358 1021 1429 ζῆλον
1056 1355 1341 1426 ἐγερτικὸν
1370 1355 1468 1423 τῆς
1509 1353 1752 1420 ἐφέσεως

167 1453 338 1506 αὖτοῦ
377 1454 477 1522 τῆς
521 1452 824 1522 ἐρωτικῆς,
862 1452 956 1503 καὶ
997 1450 1073 1511 ὡς
1101 1446 1349 1518 ζηλωτὴν
1404 1444 1566 1498 αὐτὸν
1620 1443 1753 1495 ἁπο-

167 1545 482 1608 δεικνύντα,
519 1537 565 1609 ᾧ
606 1542 702 1602 καὶ
734 1542 802 1599 τὰ
837 1541 1001 1609 ὲφιέμ
1030 1557 1096 1593 να
1131 1537 1369 1608 ζηλωτὰ,
1404 1537 1497 1595 καὶ
1539 1533 1618 1594 ὡς
1641 1532 1752 1587 τῶν

168 1633 588 1705 προνορυμένιρν
627 1631 797 1698 ὅντιιιν
829 1629 980 1700 αὐτῷ
1012 1628 1296 1698 ζηλωτῶν.

1845 625 2079 692 pulchro
2096 623 2351 692 bonoque
2369 622 2615 677 omnium
2643 639 2851 691 amore,
2871 627 3137 680 bonitatis
3152 627 3434 681 amatorias

1846 701 2190 778 excellentia,
2219 731 2327 784 qua
2354 699 2522 770 rebus
2545 715 2820 784 providet,
2846 730 2998 774 extra
3030 735 3089 775 se
3113 719 3264 776 exire
3289 739 3304 786 ;
3329 736 3433 776 nec

1846 819 1955 856 non
1991 790 2244 857 bonitate”
2273 812 2329 857 et
2359 805 2655 860 dilectione
2690 819 2786 860 seu
2831 790 3098 862 charitate
3132 796 3431 880 ainorequc

1847 895 1996 948 velut
2022 894 2326 948 demulceri
2361 910 2425 950 ac
2451 882 2672 951 deliniri
2701 914 2714 964 ;
2751 898 2957 968 quique
2986 900 3259 956 universis
3289 901 3430 955 emi-

1848 993 1977 1038 neat
2017 985 2374 1053 omniumque
2415 997 2705 1056 exemptus
2745 979 3080 1056 commercio
3111 989 3205 1053 sit,
3235 1005 3304 1044 eo
3331 991 3427 1046 de-

1849 1075 1992 1128 mitti
2015 1089 2112 1144 per
2138 1077 2652 1144 superessentialem
2673 1078 2782 1132 vim
2808 1094 3093 1135 excessum
3115 1079 3430 1140 facientem.

1849 1177 1912 1222 ut
1932 1169 2002 1222 sit
2026 1167 2083 1222 in
2113 1155 2393 1231 omnibus,
2425 1185 2549 1224 cum
2579 1187 2608 1224 a
2643 1186 2701 1226 se
2731 1171 2848 1242 ipse
2875 1159 3156 1247 nunquam
3181 1173 3431 1228 excedat.

1848 1261 2216 1328 Quamobrem
2260 1263 2425 1317 etiam
2478 1263 2657 1332 ipsum
2706 1265 2944 1323 zelotem
2995 1266 3170 1320 divini
3217 1266 3320 1320 viri
3371 1281 3436 1321 ac

1850 1353 2114 1423 Theologi
2149 1354 2425 1423 appellant
2452 1355 2518 1418 ⁷⁸,
2551 1364 2611 1408 ut
2645 1355 2738 1424 qui
2775 1356 2906 1410 boni
2938 1372 3065 1428 erga
3100 1374 3190 1413 res
3230 1359 3436 1415 amoris

1849 1444 1906 1498 vi
1935 1445 2094 1515 longe
2122 1445 2458 1515 praipolleat,
2485 1432 2688 1515 easque
2721 1445 2790 1500 ad
2821 1447 3073 1501 amatorii
3105 1447 3190 1503 sui
3221 1449 3439 1504 deside-

1852 1533 1920 1588 rii
1951 1535 2358 1594 aemulationem
2383 1543 2666 1605 provocet,
2701 1551 2764 1590 ac
2804 1551 2863 1591 se
2906 1537 3026 1606 ipse
3057 1539 3436 1595 annulatorem

1852 1635 2096 1697 praestet,
2140 1629 2230 1682 cui
2260 1638 2317 1682 et
2342 1628 2653 1683 desiderata
2681 1629 2985 1684 aemulanda
3017 1630 3158 1693 sint,
3191 1647 3255 1686 ac
3287 1631 3434 1686 velut

1855 1719 1950 1787 qui
1981 1734 2166 1773 earum
2195 1733 2381 1774 rerum
2412 1734 2534 1789 qua:
2561 1719 2914 1776 Providentia
2945 1729 3234 1793 reguntur,
3264 1739 3434 1779 temu-

1855 1807 2059 1864 latione
2094 1808 2379 1865 adiciatur.

246 1907 354 1972 υπς’.
385 1907 500 1973 Τῆς
539 1906 760 1976 ἀγάπης
800 1903 895 1962 καὶ
929 1902 1026 1968 τσῦ
1057 1901 1283 1974 ἔρωτος,
1320 1897 1482 1952 αὑτὸν
1502 1937 1516 1962 ,
1547 1891 1749 1968 δηλαδὴ

1921 1899 2009 1955 87.
2048 1899 2346 1957 Charitatis
2403 1916 2502 1956 seu
2553 1901 2868 1960 dilectionis
2902 1904 3218 1976 amorisque
3256 1905 3440 1976 ipsum

173 2002 268 2053 τὸν
299 2000 452 2061 Θεὸν,
491 1999 761 2068 προϐρ).ἐα
796 1998 930 2065 φασὶ
970 1997 1028 2049 δὲ
1068 1995 1395 2064 γεννήτορα.
1435 1991 1608 2055 Αὐτὸς
1641 1989 1751 2058 γὰρ

174 2093 352 2145 ταῦτα
404 2093 462 2143 ὲν
509 2090 687 2160 ἐαυτῷ
741 2090 894 2152 ὄντα,
960 2090 1280 2158 προήγαγεν
1324 2086 1404 2148 εἰς
1457 2084 1527 2137 τὰ
1570 2083 1748 2146 ἐκτὸς,

170 2184 421 2252 τουτέστι
451 2183 581 2251 περὶ
610 2183 678 2234 τὰ
708 2182 999 2250 κτίσματα·
1033 2181 1127 2232 καὶ
1162 2180 1301 2231 κατὰ
1329 2177 1487 2230 τοῦτο
1510 2174 1748 2246 εἴρηται,

184 2273 252 2326 '0
283 2273 428 2344 Θεὸς
468 2273 671 2340 ἀγάπη
702 2273 858 2325 ἐστί·
892 2273 1002 2323 Καὶ
1031 2270 1213 2333 πάλιν,
1241 2267 1608 2334 Γλυκασμὸς
1652 2268 1750 2321 καὶ

174 2363 484 2430 ἐπιθυμία,
508 2363 537 2414 ὅ
568 2363 716 2414 ἐστιν
759 2361 918 2432 ἔρως·
954 2360 1015 2412 τὸ
1049 2361 1106 2412 δὲ
1141 2359 1425 2428 ἀγαπητὸν
1462 2359 1554 2416 καὶ
1585 2358 1752 2422 ὅντως

175 2454 432 2523 ἑραστὸν,
485 2453 649 2514 αὐτός
701 2453 838 2510 ἐστι.
878 2451 968 2521 Τῷ
1009 2452 1109 2522 μὲν
1154 2446 1248 2503 οὖν
1288 2451 1380 2502 τὸν
1410 2448 1752 2520 ἀγαπητικὸν

175 2543 358 2615 ἔρωτα
397 2545 454 2610 ἐξ
496 2542 662 2597 αὐτοῦ
697 2542 1054 2612 προχεῖσθαι,
1088 2540 1268 2603 αὐτὸς
1291 2538 1562 2594 κινεῖσθαι
1599 2539 1753 2606 λέγε-

178 2653 270 2709 ται
307 2638 336 2688 ὁ
358 2636 550 2710 τούτου
588 2636 900 2704 γεννήτωρ
936 2633 1014 2704 τῷ
1056 2634 1118 2698 ¹δὲ
1166 2633 1329 2700 αὑτὸν
1366 2628 1508 2699 εἶναι
1535 2631 1596 2696 τὸ
1619 2631 1753 2700 ᾁλη-

177 2726 269 2788 0‘2;
321 2727 550 2796 ἐραστὸν
585 2728 680 2778 καὶ
713 2726 997 2795 ἀγαπητὸν
1037 2725 1136 2793 καὶ
1167 2725 1358 2793 ἐφετὸν
1387 2724 1480 2776 καὶ
1513 2721 1750 2791 αἱρετὸν,

177 2817 322 2871 κινεῖ
352 2818 423 2871 τὰ
452 2817 589 2886 πρὸς
613 2817 769 2870 τοῦτο
804 2817 1035 2888 ὁρῶνταο
1077 2816 1174 2868 καὶ
1202 2809 1283 2878 οἷς
1312 2815 1346 2884 ἡ
1378 2811 1473 2866 τοῦ
1505 2811 1755 2882 ἐφίεσθαι

177 2908 431 2979 δύναμις,
465 2908 745 2977 ἀναλόγως
773 2908 979 2972 αὐτοῖς.

255 3097 363 3160 κη’.
407 3090 799 3161 Προαγιιργικὸν
842 3089 938 3151 καὶ
982 3085 1264 3157 κινητικὸν
1301 3083 1442 3158 πρὸς
1485 3081 1756 3155 ἐρωτικὴν

1854 1989 2053 2061 (Deum
2083 1991 2368 2068 nimirum)
2397 1984 2786 2062 productorern
2817 2010 2882 2049 ac
2909 1988 3193 2066 parentem
3221 1997 3436 2054 dicunt.

1851 2081 1955 2148 Qui
1978 2084 2125 2138 enim
2151 2083 2269 2139 haec
2293 2085 2346 2138 in
2373 2085 2570 2155 seipse
2593 2085 2845 2167 haberet,
2881 2088 3131 2143 exterius
3154 2074 3435 2165 produxit,

1852 2175 1998 2228 circa
2022 2174 2234 2230 scilicet
2252 2190 2343 2230 res
2367 2184 2615 2230 creatas:
2644 2190 2824 2245 eaque
2849 2177 3062 2233 ratione
3089 2178 3299 2233 dictum
3330 2188 3437 2246 cst,

1850 2265 1990 2321 Deus
2033 2269 2266 2321 charitas
2301 2276 2378 2321 est
2407 2269 2470 2322 7".
2511 2267 2590 2322 Ac
2616 2283 2846 2324 rursus:
2888 2269 3122 2323 Dulcedo
3157 2278 3206 2324 et
3240 2271 3440 2326 deside-

1852 2360 1990 2412 rium
2017 2358 2086 2423 δυ,
2122 2358 2270 2427 quod
2301 2367 2388 2415 est
2426 2374 2602 2413 amor.
2644 2359 2799 2425 Quod
2832 2369 3019 2416 autem
3057 2361 3439 2431 praedilectum

1851 2462 1916 2503 ac
1948 2447 2334 2504 charissimam
2383 2465 2624 2520 vereque
2651 2451 2889 2506 amabile
2917 2492 2931 2516 ,
2965 2451 3082 2521 ipse
3124 2461 3230 2507 est.
3280 2453 3440 2520 Quod

1853 2539 2023 2611 igitur
2053 2540 2370 2596 dilectionis
2399 2537 2554 2596 amOr
2581 2557 2648 2596 ex
2681 2543 2798 2611 ipso
2833 2531 3147 2612 promanet,
3177 2538 3442 2617 ipse'ejus

1853 2645 2054 2700 parens
2074 2631 2283 2687 moveri
2311 2631 2516 2688 dicitur
2535 2650 2548 2686 :
2575 2619 2723 2702 quod
2744 2635 2874 2687 vero
2902 2633 3017 2703 ipse
3039 2644 3233 2690 verum
3259 2635 3441 2706 ipsum

1854 2722 2090 2778 amabile
2119 2723 2192 2777 sit
2213 2732 2270 2778 et
2301 2713 2680 2794 praedilectum
2714 2738 2812 2779 seu
2843 2723 3229 2780 charissimum
3258 2735 3316 2782 et
3345 2726 3445 2783 de-

1853 2813 2151 2870 siderabile
2178 2823 2237 2869 et
2265 2813 2414 2883 quod
2449 2814 2694 2883 eligitur,
2737 2828 2801 2869 ea
2843 2823 3028 2870 movet
3071 2829 3194 2885 quae
3233 2816 3300 2872 ad
3335 2817 3443 2876 hoc

1855 2906 2198 2976 respiciunt;
2226 2905 2430 2976 quibus
2455 2906 2697 2976 denique
2718 2906 3014 2978 appetendi
3040 2907 3126 2963 vis
3149 2907 3314 2976 inest,
3338 2923 3440 2982 pre

1855 3004 1975 3049 rata
2003 2996 2271 3066 cujusque
2303 2995 2517 3050 ratione
2545 3004 2602 3050 et
2634 3005 2820 3066 captu.
3309 3001 3312 3005 ’

1926 3087 2016 3142 88.
2056 3087 2139 3142 Tu
2182 3087 2319 3141 mihi
2359 3074 2530 3143 Deum
2577 3088 2890 3154 considera,
2932 3090 3026 3159 qui
3068 3091 3338 3162 producat
3378 3107 3444 3153 ac

181 3183 486 3251 συνάφειαν
516 3181 616 3252 τὴν
649 3184 708 3235 ὲν
741 3181 1033 3251 πνεύματι,
1065 3181 1158 3233 τὸν
1187 3179 1320 3233 Θεὸν
1336 3175 1478 3236 εἶναι
1507 3194 1600 3248 μοι
1622 3177 1755 3240 νόει,

1859 3179 2013 3249 quasi
2041 3180 2341 3248 prostituat
2369 3188 2696 3249 moveatque
2719 3179 2787 3234 ad
2812 3183 3134 3237 amatoriam
3159 3173 3219 3237 in
3242 3183 3443 3255 spiritu

178 3273 426 3326 τουτέστι
449 3273 673 3342 μεσίτην
703 3272 928 3343 ταύτης,
967 3271 1063 3325 καὶ
1098 3270 1235 3341 πρὸς
1263 3270 1436 3341 αὐτὴν
1471 3285 1758 3341 συναρμο-

183 3366 340 3433 στὴν,
368 3363 464 3416 τοῦ
491 3364 720 3433 ἐρᾶσθαι
753 3363 916 3416 αὐτὸν
957 3363 1064 3417 ὑπὸ
1098 3362 1208 3414 τῶν
1234 3359 1402 3415 αὐτοῦ
1436 3360 1757 3432 ποιημάτων

179 3458 278 3508 καὶ
326 3455 664 3523 ἀγαπᾶσθαι.
708 3455 1005 3526 Κινητικὸν
1041 3453 1098 3508 δέ
1143 3471 1330 3526 φησιν,
1378 3453 1454 3517 ὡς
1502 3452 1757 3506 κινοῦντα

179 3548 388 3614 ἕκαστα
415 3547 558 3600 κατὰ
585 3547 678 3600 τὸν
704 3551 905 3616 οἰκεῖον
930 3547 1091 3614 λόγον
1117 3547 1254 3614 πρὸς
1289 3544 1455 3604 αὐτὸν
1498 3541 1756 3616 ἐπιστρέ-

180 3640 398 3706 φεσθαι.
431 3623 506 3693 Τὸ
548 3639 605 3694 δὲ
639 3640 737 3710 τῆς
763 3639 1119 3711 προαγωγίας
1141 3639 1333 3708 δνομα,
1388 3641 1437 3691 εἰ
1481 3639 1576 3695 καὶ
1606 3638 1757 3708 παρὰ

181 3733 293 3792 τοῖς
323 3730 522 3794 ἔξωθεν
565 3733 794 3801 πρᾶγμα
827 3732 1085 3802 σημαίνει
1133 3734 1234 3807 σὺκ
1264 3713 1482 3796 εὐαγὲς,
1527 3728 1643 3782 ἀλλ’
1675 3731 1759 3781 ἐν·

181 3821 359 3874 ταῦοα
379 3819 480 3891 τὴν
507 3821 766 3893 πρόξενον
790 3823 889 3893 τῆς
925 3824 984 3875 ὲν
1012 3821 1132 3902 Θεῴ
1171 3818 1418 3884 ὲνώσεὼς
1447 3837 1581 3892 φησι
1603 3837 1758 3890 μεσι-

184 3915 356 3968 τείαν.

257 4089 366 4145 πο’.
413 4091 476 4145 'll
504 4093 740 4164 ἐρωτικὴ
767 4093 979 4161 κίνησις
1011 4089 1101 4144 τοῦ
1136 4089 1339 4159 ἁγαοοῦ
1372 4089 1757 4160 προϋπάρχου-

185 4202 257 4238 σα
284 4191 342 4239 ὲν
367 4186 444 4257 τῷ
476 4185 688 4256 ἀγαθῷ,
729 4185 873 4254 ἁπλῆ
915 4184 1012 4236 καὶ
1065 4184 1322 4253 ἀκίνητος
1353 4178 1627 4252 (ρ)“οὖσα,
1667 4182 1760 4233 καὶ

181 4287 251 4338 ὲκ
299 4283 394 4336 τοῦ
433 4280 642 4349 ἀγειθαῦ
690 4277 975 4348 προῐῡῧσα,
1008 4271 1160 4336 αὖθις
1209 4275 1301 4328 ἐπὶ
1335 4275 1395 4326 τὸ
1445 4272 1578 4325 αὐτὸ
1636 4275 1760 4326 ἑπι-

184 4377 433 4444 στρέφει,
465 4373 820 4438 ἀτελεύτητος
853 4370 950 4426 καὶ
994 4369 1228 4437 ἄναρχος
1260 4363 1414 4421 οὖσα’
1447 4368 1585 4436 ὅπερ
1613 4367 1762 4437 δηλοῖ

181 4469 284 4537 τὴν
323 4464 478 4536 ἡμῶν
508 4463 817 4532 ἀεικίνητον
855 4463 1042 4529 ἔφεσιν
1082 4461 1218 4531 πρὸς
1248 4460 1305 4513 τὸ
1339 4459 1483 4512 Οεῖον
1520 4459 1614 4511 καὶ
1637 4460 1760 4513 ἕλω-

258 4628 305 4659 "
339 4627 512 4686 Exod.
547 4643 636 4688 xx,
667 4627 728 4684 εἰς
766 4642 948 4688 xxxiv,
988 4625 1075 4678 Μ.
1152 4624 1196 4655 τ’
1225 4624 1427 4678 lJoan.
1454 4639 1505 4678 tv
1569 4624 1654 4682 16.

259 4766 276 4786 ⁹
303 4764 363 4818 1η
399 4765 624 4819 scholiis
653 4765 819 4819 editis
852 4780 919 4818 ex
955 4762 1158 4834 quibus
1199 4761 1320 4834 ista,
1352 4761 1590 4834 ἀληοίῥς.

1862 3279 2159 3343 copulam;
2211 3271 2319 3327 hoc
2366 3282 2472 3336 est,
2528 3272 2676 3326 illius
2723 3283 3008 3342 sequester
3053 3290 3119 3330 ac
3171 3277 3443 3343 mediator

1863 3368 2112 3428 exsistat,
2139 3372 2198 3419 et
2218 3363 2288 3418 ad
2312 3379 2433 3424 eam
2459 3364 2755 3421 concinnet
2783 3375 3212 3436 componatque,
3237 3376 3300 3440 ut
3326 3369 3444 3441 ipse

1861 3471 1894 3513 a
1915 3455 2186 3512 creaturis
2210 3463 2428 3511 ametur
2447 3470 2512 3512 ac
2533 3456 2813 3527 diligatur.
2841 3457 3090 3514 Movendi
3117 3452 3301 3515 autem
3330 3459 3442 3518 vim

1865 3548 2158 3602 habentem
2188 3547 2344 3610 dicit,
2382 3555 2442 3601 ut
2471 3548 2564 3616 qui
2600 3563 2689 3602 res
2718 3547 2962 3618 singulas
2987 3544 3291 3605 secundum
3317 3568 3445 3623 pro-

1864 3641 2038 3708 priam
2069 3640 2359 3702 rationem,
2393 3647 2453 3694 ut
2476 3637 2541 3692 ad
2577 3639 2755 3708 ipsum
2780 3648 3197 3705 cenvertantur,
3228 3642 3444 3704 illiciat.

1869 3733 1978 3786 Vox
2013 3745 2196 3786 autem
2224 3730 2574 3801 προαγωγίας
2601 3734 2686 3796 (ac
2710 3730 2753 3786 si
2780 3731 3175 3800 productionem
3203 3734 3356 3789 dicas
3380 3750 3445 3791 ac

1864 3822 2312 3894 prostitutionem)
2348 3822 2450 3877 etsi
2507 3821 2651 3892 apud
2699 3824 2960 3892 profanos
3006 3839 3125 3879 rem
3170 3820 3442 3895 impuram

1864 3915 2155 3986 significet,
2193 3916 2282 3969 hic
2307 3923 2486 3969 tamen
2511 3929 2631 3969 eam
2656 3913 2792 3968 dicit
2817 3915 3293 3979 intercessionem,
3325 3932 3447 3987 quae

1866 4007 2129 4062 unionem
2159 4022 2281 4076 qua:
2308 4006 2363 4060 in
2391 4005 2504 4059 Deo
2534 4013 2617 4065 est
2647 4005 2904 4060 conciliat
2933 4020 2998 4060 ac
3023 4015 3197 4076 parat.
3404 4005 3406 4008 ’

1935 4100 2023 4153 89.
2065 4098 2340 4153 Amatoria
2372 4097 2503 4150 boni
2548 4097 2720 4152 motio
2765 4097 2820 4150 in
2858 4097 3006 4159 bono
3040 4098 3443 4166 prmexsistcns,

1866 4202 1986 4258 quae
2015 4187 2244 4256 simplex
2272 4194 2327 4240 et
2349 4201 2380 4239 a
2411 4200 2468 4239 se
2494 4184 2714 4238 mobilis
2739 4184 2828 4249 sit,
2857 4200 3032 4255 exque
3061 4186 3204 4240 bono
3231 4192 3449 4256 proma-

1866 4287 1991 4340 nct,
2028 4276 2094 4330 ad
2127 4275 2261 4329 illud
2294 4275 2475 4344 ipsum
2507 4289 2700 4328 rursus
2731 4275 3052 4338 revertitur,
3083 4277 3287 4346 quippe
3319 4293 3442 4330 cum

1868 4369 1973 4424 line
2014 4384 2077 4423 ac
2110 4367 2386 4438 principio
2427 4376 2646 4430 careat;
2701 4367 2850 4435 quod
2897 4378 3139 4422 nostram
3179 4369 3234 4423 in
3273 4370 3445 4426 Deum

1863 4462 2010 4534 jugis
2057 4469 2242 4514 motus
2288 4459 2682 4528 appetitionem
2732 4459 3104 4528 unioncmque
3154 4461 3442 4531 signiﬁcat.

1734 4624 1778 4655 ⁸⁸
1818 4622 1976 4678 Cant.
2005 4637 2060 4687 v,
2098 4620 2185 4681 1'6.

261 4834 300 4856 “
330 4835 388 4889 In
433 4835 603 4888 schol.
641 4831 1026 4903 αὐτοκίνητος·
1069 4842 1128 4887 ut
1160 4833 1297 4887 etin
1334 4841 1482 4886 textu
1517 4831 1761 4903 Dionysii
1801 4832 1972 4887 edito.

262 4944 338 5015 (ο)
374 4945 835 5026 ᾊνεκφᾳίτητος
859 4945 1098 4998 ἑαυτοῦ.
1134 4945 1224 5000 Sic
1270 4943 1497 5000 omnino
1527 4945 1760 5026 leg._pro

1863 4944 1991 5000 boni
2022 4943 2226 5024 amoris
2252 4957 2377 5011 erga
2402 4957 2501 5026 res
2533 4942 2798 5026 prmditus
2833 4944 2901 4998 sit
2937 4960 2949 4996 :
2984 4952 3066 5025 est
3091 4945 3239 5000 enim
3275 4945 3446 5026 zelus,

174 5031 248 5072 eo
273 5015 420 5084 quod
442 5024 580 5078 erat,
612 5016 1016 5082 ἀνεκφοίτητονυ
1040 5031 1204 5084 quam
1223 5031 1414 5082 vocem
1437 5015 1577 5079 male
1598 5015 1761 5074 Picus

180 5087 365 5140 active
409 5085 616 5150 reddit,
662 5084 938 5154 refertque
987 5086 1050 5138 ad
1094 5084 1354 5154 δύναμιν.
1394 5095 1441 5155 et
1489 5101 1761 5155 nunquam

177 5160 539 5219 deserentem;
578 5171 701 5208 cum
745 5153 947 5208 referat
984 5156 1159 5224 ipsum
1203 5153 1390 5225 Deum.
1418 5153 1563 5210 Nihil
1608 5153 1759 5208 com"-

183 5226 413 5279 manius
459 5226 513 5278 in
561 5225 866 5293 theologia,
909 5242 1072 5347 quam
1118 5225 1332 5279 divinas
1381 5226 1762 5295 processiones

183 5297 594 5347 ἀνεκςοοιτήτωε
623 5295 922 5347 intelligent
945 5311 1004 5347 as
1030 5311 1180 5347 esse:
1213 5296 1286 5347 ita
1314 5304 1374 5347 ut
1397 5311 1495 5347 per
1517 5310 1610 5347 eas
1639 5311 1762 5347 ner-

182 5297 594 5362 ἀνεκφοιτήτως
623 5295 1004 5362 intelligendas
1030 5311 1180 5357 esse;
1213 5296 1286 5356 ita
1314 5304 1374 5348 ut
1397 5311 1495 5364 per
1517 5310 1610 5348 eas
1639 5311 1765 5362 per-

183 5381 340 5418 sonae
372 5365 477 5428 (vel
505 5364 619 5433 ipsa
644 5365 886 5418 Trinitas
922 5365 974 5418 in
1007 5366 1452 5432 processionibus
1485 5365 1552 5419 ad
1586 5369 1762 5433 extra)

185 5452 302 5488 non
340 5450 369 5486 a
398 5450 456 5488 se
491 5432 688 5489 exeant
721 5434 1093 5503 producendo,
1125 5437 1238 5490 ctsi'
1271 5451 1395 5489 vere
1440 5437 1492 5489 in
1534 5435 1600 5487 iis
1640 5432 1764 5503 quis

184 5504 460 5573 producta
503 5513 650 5566 sunt,
685 5505 768 5557 vel
815 5505 1066 5574 personis
1105 5507 1188 5559 vel
1231 5506 1416 5567 rebus,
1448 5521 1576 5559 vere
1615 5504 1762 5558 exsi-

186 5584 344 5628 stant
393 5575 564 5628 Aliter
588 5576 768 5627 tamen
795 5591 1043 5644 personae
1073 5576 1123 5627 in
1153 5576 1433 5644 personis;
1466 5576 1623 5628 aliter
1648 5574 1768 5626 Tri-

189 5645 340 5697 nitas
377 5646 430 5697 iu
472 5644 656 5704 rebus.
685 5645 752 5698 de
790 5646 991 5713 quibus
1037 5646 1125 5698 hic
1163 5647 1405 5714 loquitur
1442 5646 1708 5698 Maximus
1753 5661 1765 5695 :

187 5715 299 5773 Τὸ,
341 5715 506 5765 ’καλὸν
550 5714 640 5764 τὸν
687 5718 764 5776 εἰς
811 5716 877 5766 τὰ
917 5716 1044 5766 ὄντα
1089 5715 1290 5779 ἀγαθὸν
1341 5716 1538 5784 ἔρωτι·
1573 5715 1769 5767 inscite

189 5785 380 5848 idem,
425 5801 690 5837 summum
753 5801 877 5853 erga
936 5794 1206 5838 creaturas
1276 5786 1464 5838 bonum
1513 5799 1766 5838 amorem.

188 5855 382 5910 Prima
418 5855 557 5908 ratio
588 5864 671 5908 est
704 5869 804 5907 cur
833 5856 976 5908 Deus
1011 5855 1240 5919 zelotes,
1270 5857 1414 5925 quod
1449 5856 1498 5908 vi
1539 5854 1770 5908 maxima

574 5944 842 6004 PATRGL.
888 5944 999 6002 Gn.
1059 5945 1173 6005 XC.

1866 5013 2072 5070 amoris
2099 5027 2376 5066 excessus.
2402 5011 2627 5072 Erudita
2657 5013 2888 5070 Maximo
2916 5015 3100 5069 omnia

1943 5086 2018 5155 (p)
2059 5081 2241 5160 ’ᾼπλῇ
2272 5082 2367 5160 καὶ
2398 5081 2700 5160 ἁκίνῃτφς.
2735 5083 2878 5160 Lego
2909 5085 3055 5160 quod
3089 5086 3141 5160 in
3172 5079 3358 5160 Schol.
3381 5083 3446 5160 at!

1869 5151 2184 5235 Qionysium
2213 5151 2519 5235 habeturet
2547 5151 2599 5204 in
2629 5152 2746 5232 ipso
2772 5151 3048 5233 Dionvsio,
3074 5151 3446 5235 αὐτοκίνητοᾷ

1869 5221 2185 5293 Explicatur
2219 5222 2363 5274 enim
2408 5221 2629 5293 divinus
2673 5225 2723 5274 in
2770 5221 2950 5292 δωρεὴ
2991 5235 3046 5278 et
3090 5225 3160 5277 ad
3207 5221 3448 5292 aeip’sum

1871 5292 2074 5348 ameris
2097 5303 2295 5354 motus,
2319 5293 2477 5358 cujus
2503 5292 2854 5346 siniulacrum
2885 5295 2956 5350 sit
2981 5306 3166 5352 nostra
3195 5295 3248 5347 in
3274 5295 3450 5361 ipsum

1873 5365 2188 5448 dEtXiVﬁto‘i
2223 5363 2429 5443 ἕξεσις·
2652 5373 2819 5446 uictus
2864 5366 3144 5448 appetitus.
3177 5364 3331 5446 Quod
3360 5365 3453 5448 [sic

1873 5442 2102 5504 auguste
2145 5432 2428 5490 Maximus,
2478 5434 2536 5504 ᾙ
2582 5433 2817 5504 ἐρωτικὴ
2860 5432 3071 5502 κῖκὶησις
3109 5433 3200 5485 τοῦ
3247 5433 3451 5498 ἀγαθοῦ

1877 5501 2303 5570 πρὸῦπὰρχὸυσα
2355 5506 2410 5553 ἐν
2456 5503 2532 5568 τῷ
2589 5501 2814 5569 ἀγαθῷ-⁷
2848 5501 3055 5555 Amoris
3107 5512 3274 5556 motus
3327 5508 3452 5572 ergo

1877 5575 2069 5627 bonum
2103 5573 2210 5640 ipse
2249 5575 2393 5640 prior
2425 5574 2674 5626 exsistam
2711 5574 2761 5624 in
2797 5572 2960 5634 bono;
3001 5574 3052 5626 in
3096 5573 3206 5626 Deo
3244 5572 3452 5625 scilicet

1877 5644 2032 5712 quasi
2069 5643 2120 5694 in
2152 5643 2490 5712 exemplari,
2526 5641 2617 5711 qui
2655 5651 2739 5694 est
2776 5643 2952 5712 ipsum
2992 5644 3193 5696 bonum
3228 5657 3451 5712 amans.

1878 5711 2045 5781 Seque
2097 5711 2234 5764 adeo
2283 5712 2484 5764 bonum
2540 5727 2762 5774 amans,
2810 5711 2889 5764 exi
2924 5729 3032 5781 quo
3081 5713 3259 5765 omnis
3301 5711 3454 5778 origo

1878 5782 2082 5838 amoris
2103 5781 2260 5854 boni.
2297 5782 2514 5850 lllepide
2551 5783 2713 5836 i’ieus
2741 5800 2752 5834 :
2779 5783 2953 5836 Motus
2977 5785 3065 5854 qui
3092 5792 3164 5835 est
3187 5784 3240 5836 in
3269 5782 3453 5846 primis

1879 5860 2067 5906 animis
2095 5852 2233 5912 boni,
2258 5860 2366 5904 et'c.
2412 5857 2415 5863 ‘

3047 5936 3123 6002 ita
