4184 6436
197 469 227 526 -ἱ
238 464 341 526 389

904 457 1238 517 CAPITUM
1278 450 1699 526 QUINQUIES
1738 447 2257 510 CENTENORUM
2298 452 2684 512 CENTURIA
2723 453 2786 511 ν.

3327 458 3465 527 1390

198 579 291 633 λον
326 577 407 630 ἔτι
453 576 561 629 τῶν
623 569 761 645 μετᾶ
818 571 974 636 Θεὸν,
1038 572 1125 623 διὰ
1179 568 1277 636 τὴν
1313 566 1585 638 ὑπεροχὴν
1641 565 1771 616 ὄντα

1882 577 1990 631 pra:
2020 579 2231 618 summa
2265 565 2608 627 excellentia,
2638 564 2786 619 omni
2815 563 3037 634 penitus
3066 580 3229 622 sensu
3261 583 3323 624 ac
3360 589 3461 627 no-

197 674 435 741 νοήμονα
444 710 457 721 .

270 766 371 827 ί.,,ε’⁸
402 759 583 829 Ὄπέρ
610 758 803 810 ἑστινό
838 756 1022 825 αἰθὴρ,
1055 755 1223 824 ἤγουν
1273 753 1334 805 τὸ
1380 751 1574 820 πύριον
1636 765 1779 799 στοι-

195 855 363 922 χεῖον,
397 853 452 902 ἐν
478 850 556 919 τῷ
591 850 712 901 κατ’
750 847 1002 917 αἴσθησιν
1037 846 1251 915 κόσμῳ,
1275 834 1434 897 τοῦτο
1472 844 1528 894 ὲν
1557 840 1635 911 τῷ
1688 840 1780 892 κό-

197 961 322 1013 σμῳ
351 944 447 1011 τῆς
470 941 707 1002 διανοίας
736 940 882 992 ἐστὶν
907 941 940 1010 ἡ
972 939 1256 1009 φρόνησις,
1284 936 1359 999 ὡς
1381 933 1495 999 ἕξις
1525 949 1783 1001 φωτιστι·

194 1034 289 1104 κὴ,
319 1034 412 1087 καὶ
438 1033 545 1086 τῶν
572 1035 658 1100 ἐφ’
683 1031 914 1084 ἑκάστου
944 1031 1054 1084 τῶν
1085 1031 1257 1083 ὄντων
1286 1028 1431 1105 ἰδίως
1479 1043 1780 1095 πνευματι-

193 1126 311 1179 κῶν
366 1125 541 1192 λόγων
587 1122 919 1192 ὑποδεκτικὴ
974 1120 1123 1193 [edit.
1176 1118 1555 1190 ἁποδεκτικὴΙ,
1595 1119 1692 1187 τὴν
1724 1118 1781 1168 ἐν

192 1218 335 1280 ὅλοις
361 1215 616 1277 ἀπλανῶς
639 1215 815 1267 αἰτίαν
844 1214 909 1266 δι’
935 1212 1115 1266 αὐτῶν
1154 1212 1490 1280 ἐκφαίνουσα
1514 1249 1528 1273 ,
1562 1209 1654 1260 καὶ
1684 1205 1782 1275 τῆς

193 1308 341 1359 κατὰ
396 1306 573 1375 ψυχὴν
623 1306 753 1374 περὶ
801 1305 862 1357 τὸ
905 1304 1046 1357 θεῖον
1092 1304 1330 1371 ἐφέσεως
1376 1300 1599 1370 ἑλκτική
1627 1314 1643 1329 ο
1676 1296 1772 1350 καί⁸

193 1399 336 1467 ὅπερ
361 1399 417 1448 ἐν
454 1396 529 1465 τῷ
569 1393 815 1463 αἰσθητῷ
841 1395 1033 1465 κόσμῳ
1065 1393 1213 1447 ἐστὶν
1236 1393 1264 1444 ὁ
1289 1392 1419 1465 ἀὴρ,
1445 1389 1602 1444 τοῦτο
1625 1390 1681 1441 ἐν
1704 1386 1778 1458 τῷ

194 1489 339 1540 κατᾶ
367 1488 604 1540 διάνοιαν
637 1486 827 1555 κόσμῳ
862 1486 1011 1537 ἐστὶν
1038 1486 1073 1553 ἡ
1104 1482 1352 1555 ἀνδρεία,
1383 1481 1458 1545 ὡς
1482 1480 1593 1544 ἕξις
1629 1495 1782 1548 κινη-

193 1580 324 1648 τικὴ
356 1579 449 1631 καὶ
485 1578 582 1646 τῆς
609 1576 855 1645 ἐμφύτου
886 1576 1030 1628 κατὰ
1063 1574 1275 1642 πνεῦμα
1305 1572 1451 1641 ζωῆς
1488 1570 1778 1639 συνεκτική

192 1688 255 1723 τε
288 1672 406 1738 ἅμα
437 1670 531 1721 καὶ
563 1669 852 1739 δραστικὴ,
879 1668 973 1719 καί⁵
1006 1666 1106 1736 τῆς
1159 1664 1299 1717 κατὰ
1336 1663 1513 1734 ψυχὴν
1543 1664 1673 1733 περὶ
1720 1661 1781 1714 τὸ

192 1762 342 1813 θεῖον
388 1760 730 1830 ἀεικινησίας
762 1757 1051 1827 τονωτική·
1088 1757 1179 1809 καὶ
1206 1757 1342 1827 ὅπερ
1364 1756 1421 1807 ἐν
1446 1754 1780 1826 τῷαἰσθητῷ

193 1851 391 1921 κόσμῳ
422 1852 538 1902 ἐστὶ
559 1850 619 1902 τὸ
655 1849 820 1919 ὕδωρ.
859 1847 1022 1901 τοῦτο
1057 1848 1114 1899 ὲν
1146 1846 1223 1917 τῷ
1268 1846 1367 1915 τῆς
1395 1846 1633 1909 διανοίας
1682 1846 1775 1899 κό-

1885 656 2004 710 titia
2036 666 2241 711 careat.

1953 748 2041 803 95.
2082 748 2239 811 Quod
2288 750 2340 803 in
2390 750 2596 805 mundo
2636 749 2891 805 sensibus
2921 750 3139 822 objecto
3180 755 3353 808 aether
3383 764 3470 810 est

1886 844 2128 915 (igneum
2156 843 2368 898 scilicet
2399 839 2758 911 elementum)
2806 842 2861 897 id
2881 843 2937 897 in
2957 844 3125 899 animi
3149 846 3357 901 mundo
3384 858 3472 903 est

1883 934 2205 1005 prudentia;
2243 944 2498 1004 tanquam
2544 934 2758 989 scilicet
2785 932 3009 988 habitus
3049 934 3364 1003 illustrans,
3405 953 3470 992 ac

1884 1026 1979 1097 qui
2008 1025 2281 1096 spiritales
2314 1025 2368 1078 in
2408 1024 2639 1094 singulis
2666 1025 2886 1094 proprie
2918 1025 3248 1081 exsistentes
3288 1029 3472 1098 capiat

1884 1120 2144 1181 rationes,
2185 1133 2283 1188 per
2326 1132 2419 1172 eas
2460 1125 2610 1171 certo
2656 1117 2710 1172 in
2754 1117 3029 1173 universis
3073 1119 3367 1175 Auctorem
3407 1135 3472 1175 ac

1883 1224 2103 1265 causam
2147 1206 2465 1271 ostendens,
2501 1207 2779 1277 animique
2818 1207 2874 1262 in
2913 1208 3085 1262 Deum
3128 1208 3469 1266 desiderium

1883 1300 2170 1369 pelliciens
2197 1317 2208 1351 :
2240 1298 2497 1368 quodque
2526 1297 2580 1352 in
2618 1298 2823 1353 mundo
2856 1299 3111 1355 sensibus
3140 1300 3358 1371 objecto
3386 1312 3472 1357 est

1882 1410 1996 1459 aer,
2027 1394 2133 1449 hoc
2175 1394 2231 1449 in
2279 1394 2446 1448 animi
2491 1394 2700 1449 mundo
2738 1403 2825 1450 est
2867 1395 3157 1461 fortitudo,
3206 1404 3467 1469 tanquam

1883 1486 2097 1542 scilicet
2122 1486 2347 1541 habitus
2376 1499 2623 1549 movens,
2655 1485 3010 1557 innatamque
3037 1488 3267 1557 spiritus
3298 1490 3466 1544 vitam

1883 1576 2169 1632 continens
2194 1578 2399 1647 pariter
2426 1594 2489 1632 ac
2514 1577 2778 1641 eﬂiciens,
2802 1580 3099 1649 jugemque
3126 1579 3270 1634 circa
3294 1581 3466 1634 Deum

1883 1679 2063 1724 motus
2089 1669 2255 1723 animi
2286 1670 2640 1738 agitationem
2673 1670 2859 1740 vigore
2887 1670 3228 1725 contendens
3255 1688 3266 1723 :
3294 1672 3467 1741 quod-

1882 1778 1989 1832 que
2018 1762 2073 1815 in
2107 1761 2314 1815 mundo
2350 1761 2544 1815 eodem
2580 1762 2835 1816 sensibus
2865 1763 3084 1832 objecto
3107 1772 3190 1817 est
3212 1779 3373 1833 aqua,
3414 1763 3467 1817 id

1884 1853 1938 1907 in
1978 1852 2146 1907 animi
2192 1850 2399 1908 inundo
2432 1860 2518 1908 est
2561 1854 2955 1923 temperantia;
3000 1854 3222 1909 habitus
3260 1856 3472 1911 scilicet

196 1956 322 2007 σμῳ
349 1919 495 1990 ἐστὶν
554 1939 586 2007 ἡ
657 1936 1001 2009 σωφροσύνη,
1031 1936 1145 2002 ἕξιν
1199 1935 1523 2005 ὑπάρχουσα
1571 1936 1670 2006 τῆς
1721 1938 1779 1988 ὲν

1887 1946 2067 2000 vitalis
2102 1946 2156 1999 in
2191 1946 2387 2015 spiritu
2425 1919 2779 2002 fecunditatis
2820 1963 3039 2017 parens,
3079 1948 3305 2018 jugiquc
3342 1962 3470 2019 erga

192 2028 471 2097 πνεύματι
529 2029 770 2099 ζωτικῆς
819 2028 1175 2098 γονιμὸτητος
1222 2027 1500 2098 ποιητικὴ,
1538 2028 1633 2081 καὶ
1678 2028 1777 2095 τῆς

191 2119 518 2176 ἀειὸλύστου
543 2122 686 2174 κατὰ
718 2121 817 2189 τὴν
856 2122 1040 2190 ἔφεσιν
1076 2121 1206 2190 περὶ
1234 2119 1294 2173 τὸ
1321 2118 1462 2181 θεῖον
1505 2120 1775 2191 ἐρωτικῆς

192 2208 433 2274 θέλξεως
479 2213 773 2283 γεννητική
800 2228 815 2243 °
847 2213 942 2266 καὶ
991 2213 1128 2282 ὅπερ
1168 2212 1227 2265 ὲν
1278 2209 1355 2282 τῷ
1402 2209 1649 2281 αἰσθητῷ
1690 2210 1778 2264 κο-

194 2319 323 2373 σμῳ
356 2304 505 2356 ἐστὶν
536 2305 568 2371 ὴ
602 2304 674 2373 γῆ
699 2345 713 2365 ,
751 2306 910 2357 τοῦτο
950 2306 1008 2357 ὲν
1057 2304 1135 2375 τῷ
1163 2305 1263 2375 τῆς
1305 2302 1543 2366 διανοίας
1591 2304 1780 2373 κόσμῳ

193 2394 348 2446 ἐστὶν
373 2396 406 2465 ἠ
433 2395 775 2467 δικαιοσύνη,
798 2396 909 2459 ἕξις
937 2396 1261 2469 ὑπάρχουσα
1309 2396 1429 2449 κατ’
1460 2391 1599 2459 εἶδος
1656 2413 1780 2464 γεν-

193 2485 394 2555 νητικὴ
425 2486 644 2539 πάντων
668 2487 777 2540 τῶν
815 2490 872 2540 ἐν
900 2489 1013 2550 τοῖς
1042 2484 1164 2540 οὖσι
1201 2486 1393 2553 λόγων,
1428 2488 1521 2540 καὶ
1566 2486 1664 2556 τῆς
1724 2486 1781 2538 ὲν

186 2576 477 2647 ,πνεύματι
511 2578 651 2631 κατά
676 2578 756 2649 τῷ
789 2579 905 2632 ἴσον
941 2580 1162 2650 ἑκάστῳ
1200 2579 1437 2649 ζωτικῆς
1493 2577 1782 2640 διαδόσεως

191 2670 589 2741 ἀπονεμητική
633 2687 645 2699 ⁶
679 2672 774 2723 καὶ
817 2671 914 2741 τῆς
963 2672 1166 2735 οἰκείας
1232 2673 1291 2724 ἐν
1345 2671 1423 2741 τῷ
1458 2670 1609 2740 καλῷ
1643 2671 1781 2725 κατά

193 2761 299 2828 τὴν
332 2759 481 2812 θέσιν
511 2761 721 2831 βάσεως
761 2762 1100 2830 ἁμετάθετος
1140 2760 1306 2834 [male
1345 2767 1514 2831 edite,
1552 2762 1779 2832 μετάθε-

192 2851 315 2923 τος]
348 2852 551 2921 ἵδρυσις
587 2855 685 2923 (ιι).

271 2944 387 3010 ις’.
406 2944 623 3015 Ὥσπερ
650 2944 852 3014 capita;
891 2945 1221 3017 εὐεκτούσης
1258 2947 1351 2999 καὶ
1401 2947 1779 3017 πιαινομένης,

193 3038 312 3099 τοῖς
340 3036 571 3089 πάθεσιν
601 3039 631 3106 ἡ
658 3037 805 3107 ψυχὴ
835 3038 1185 3107 βασανίζεται
1209 3039 1305 3092 καὶ
1336 3038 1660 3102 σκοτίςεται,
1685 3042 1783 3108 τῆς

193 3126 312 3179 τῶν
341 3127 550 3198 ἀρετῶν
584 3128 750 3192 ἕξεως
789 3131 882 3182 καὶ
916 3129 1009 3182 τοῦ
1045 3130 1330 3201 φωτισμοῦ
1370 3130 1472 3199 τῆς
1526 3129 1781 3197 γνώσεως

196 3218 632 3287 ὑποχωρούντων
658 3235 671 3249 ·
708 3218 849 3272 οὕτω
871 3222 965 3272 καὶ
993 3222 1090 3291 τῆς
1114 3221 1295 3291 ψυχῆς
1320 3222 1397 3291 τῷ
1429 3222 1557 3289 θείῳ
1592 3220 1778 3274 κάλλει
1811 3250 1851 3305 C

194 3311 311 3363 τῶν
336 3312 562 3381 ἀρετῶν,
599 3313 692 3364 καὶ
717 3311 796 3381 τῷ
818 3314 1082 3384 φωτισμῷ
1113 3314 1213 3383 τῆς
1239 3315 1493 3381 γνώσεως
1518 3312 1780 3384 φρουρού-

201 3402 374 3473 μένης
412 3420 470 3455 τε
505 3403 600 3456 καὶ
630 3404 1116 3474 λαμπρυνομένης,
1158 3407 1185 3457 ὁ
1215 3404 1319 3469 ἔξω
1353 3404 1637 3476 ἄνθρωπος
1669 3405 1782 3457 δια-

198 3493 510 3564 φθείρεταιι
538 3494 637 3563 τῆς
670 3497 872 3565 σαρκὸς
902 3496 991 3549 διὰ
1024 3498 1122 3567 τὴν
1147 3498 1444 3567 ἐπιδημίαν
1479 3498 1574 3550 τοῦ
1623 3499 1780 3565 λόγον

196 3584 301 3655 τὴν
332 3588 568 3656 φυσικὴν
592 3587 809 3654 εὐεξίαν
841 3588 1311 3658 ἀποϐαλλομένης.

276 3678 379 3745 ιιζν.
422 3680 535 3734 Οὐκ
579 3676 647 3750 ἦν
707 3681 932 3734 δυνατὸν
989 3681 1164 3744 ἄλλως
1204 3683 1339 3734 ,υἱὸν
1392 3682 1779 3753 ἀποδειχθῆναι

199 3769 341 3823 Θεοῦ
374 3770 445 3840 (ι’)
477 3771 571 3823 καὶ
596 3770 728 3823 Θεὸν
759 3770 902 3823 κατά
926 3770 1023 3841 τὴν
1052 3770 1274 3842 χάριτος
1318 3770 1536 3838 θέωσιν,
1562 3773 1653 3824 τὸν
1687 3790 1778 3839 γει

200 3861 431 3931 νόμενον
492 3860 798 3933 ἄνθρωπον,
841 3862 916 3932 μὴ
975 3854 1241 3933 πρότερον
1274 3863 1414 3915 κατὰ
1458 3863 1780 3934 προαίρεσιν

199 3953 543 4023 γεννηθέντα
562 3954 641 4023 τῷ
664 3954 971 4023 πνεύματι,
997 3953 1086 4007 διὰ
1124 3954 1222 4025 τὴν
1247 3954 1473 4023 ἐνοῦσαν
1495 3956 1642 4025 αὐτῷ
1680 3974 1779 4023 (ξυ-

202 4047 376 4110 σικῶς
405 4048 760 4117 αὐτοκίνητον
791 4049 882 4100 καὶ
907 4047 1203 4101 ἀδέσποτον
1243 4048 1472 4119 δύναμιν
1505 4064 1517 4076 ”
1550 4048 1618 4118 ἣν
1657 4066 1778 4100 τινα

202 4139 455 4193 θεοποιὸν
484 4142 578 4193 καὶ
611 4140 760 4193 θείαν
785 4141 879 4193 καὶ
910 4141 1071 4194 ἂῦλον
1096 4141 1369 4210 γέννησιν,
1400 4139 1487 4193 διὰ
1535 4141 1595 4192 τὸ
1648 4158 1778 4211 προ-

198 4231 435 4300 τιμῆσαι
460 4232 566 4284 τῶν
594 4233 901 4302 νοουμένων
930 4232 1025 4285 καὶ
1050 4231 1261 4303 ἀδήλων
1286 4231 1423 4295 τέως
1464 4230 1687 4300 ἀγαθῶν
1721 4233 1779 4283 τ’)

199 4324 331 4376 κατ’
361 4322 611 4391 αἴσθησιν
655 4323 887 4393 τερπνὸν
936 4324 1032 4377 καὶ
1081 4324 1356 4393 ἐπίδηλον,
1398 4323 1722 4393 παραλιπὼν
1753 4326 1779 4376 ὁ

200 4411 425 4482 πρῶτος
456 4411 763 4484 ἄνθρωπος,
800 4413 896 4484 τὴν
918 4413 983 4467 ἐκ
1016 4413 1286 4482 σωμάτων
1302 4413 1527 4477 εἰκότως
1552 4413 1781 4483 ἀπροαί-

200 4521 365 4577 ρετον
398 4505 494 4559 καὶ
519 4506 710 4575 ὑλικὴν
738 4507 834 4559 καὶ
886 4506 1153 4576 ἐπίκηρον
1204 4504 1778 4574 έχεινκαταδικάζεται

211 4596 329 4666 ίένε
338 4612 442 4649 σιν.

283 4798 331 4833 ⁸⁸
361 4800 406 4855 ll
434 4798 563 4855 Cor.
601 4816 674 4865 iv,
708 4801 792 4881 l6.

287 4954 359 5029 (ᾳ)
380 4958 543 5011 Κατὰ
554 4957 677 5029 τὴν
694 4958 865 5011 θέσιν
880 4957 1120 5029 ,ϐάσεως
1144 4956 1501 5029 ἀμετᾴθετος
1523 4958 1776 5025 ἵδρυσις.

200 5026 511 5085 Ῑωέὴόῢίιίρ
542 5027 770 5082 ﬁrmitas
798 5036 855 5080 et
879 5028 1041 5082 sedes
1064 5026 1275 5080 fundati
1305 5027 1356 5080 in
1388 5028 1617 5083 honesto
1644 5031 1782 5083 situs

200 5098 333 5159 sui,
374 5102 522 5167 quod
574 5099 806 5151 maxime
854 5098 1078 5167 justitia:
1126 5098 1415 5167 convenit;
1465 5114 1586 5167 quae
1632 5102 1782 5154 velut

201 5175 358 5223 terra
388 5166 442 5223 in
468 5169 573 5221 hoc
598 5166 876 5227 universo,
905 5167 1020 5220 suis
1047 5166 1290 5236 undique
1319 5166 1513 5222 librata
1540 5185 1780 5224 momen-

204 5241 314 5303 tis,
353 5239 431 5292 rei
481 5239 654 5307 ipsum
707 5238 949 5291 medium
1000 5237 1354 5291 immobiliter
1400 5240 1675 5305 attendat,
1718 5257 1780 5295 ac

204 5309 439 5377 cuique,
473 5310 619 5376 quod
657 5309 835 5377 reipsa
882 5308 1029 5361 illius
1065 5315 1176 5370 est,
1214 5307 1439 5360 tribuat.
1474 5307 1625 5373 Quod
1666 5319 1783 5364 erat

208 5378 539 5459 μεταθετοῆ
573 5377 727 5459 valde
779 5377 1106 5459 mendosum
1142 5385 1256 5439 est,
1296 5392 1358 5430 ac
1399 5378 1543 5459 quod
1593 5380 1779 5459 aiunt,

205 5447 499 5517 implieans
528 5448 581 5500 in
612 5448 843 5516 adjecto.
902 5447 1060 5500 Picus
1093 5454 1276 5500 tamen
1305 5448 1565 5515 expedit:
1598 5448 1779 5503 Sedcm

205 5520 409 5588 praprii
451 5517 779 5587 fundamenti
820 5517 1143 5588 translatam
1180 5518 1234 5569 in
1272 5518 1485 5588 honesto
1530 5518 1780 5583 collocat;

205 5586 254 5642 Si
287 5586 468 5643 tamen
495 5588 751 5657 expedire
781 5597 893 5649 est,
922 5587 1003 5641 sic
1030 5586 1320 5657 arbitrario
1358 5588 1605 5642 reddere.

282 5660 353 5729 (r)
400 5660 532 5729 Υἰύν·
567 5655 1008 5729 ἀποδειχθῆναι
1034 5657 1213 5729 θεοῦ.
1252 5655 1642 5729 Quoddeerat
1680 5675 1784 5715 vox

207 5726 346 5791 υἱὸν,
374 5728 509 5783 nihil
540 5728 888 5783 commodum
916 5726 1148 5799 reddere
1175 5726 1354 5795 potuit
1379 5727 1541 5783 Picus
1570 5746 1583 5780 :
1617 5732 1786 5799 ἀπρο-

207 5799 427 5866 αίρετον
458 5800 671 5865 γένεσιν
700 5800 794 5851 καὶ
824 5797 1035 5867 ὑλικὴν,
1063 5804 1237 5851 ortum
1267 5798 1560 5851 nativitatis
1592 5797 1789 5853 nauita:

208 5869 380 5924 libera
409 5868 679 5924 uoluntate
709 5876 756 5923 et
788 5876 1077 5932 terrenum,
1109 5881 1219 5937 quo
1244 5868 1570 5922 naturaliter
1594 5884 1791 5939 propa-

1883 2037 2052 2092 Deum
2076 2052 2174 2107 per
2196 2037 2554 2107 cupiditatem
2578 2037 2931 2107 scaturigine,
2957 2038 3159 2091 amoris
3186 2038 3470 2093 illecebras

1882 2130 2152 2201 gignens:
2185 2130 2331 2199 quod
2380 2130 2619 2199 denique
2671 2129 2728 2183 in
2781 2129 2988 2184 mundo
3038 2129 3167 2184 item
3217 2131 3471 2186 sensibus

1882 2224 2098 2294 objecto
2138 2230 2223 2277 est
2259 2231 2425 2287 terra,
2463 2222 2515 2276 id
2552 2223 2603 2277 in
2645 2222 2813 2277 animi
2856 2222 3061 2277 mundo
3101 2233 3185 2278 est
3211 2224 3466 2293 justitia;

1882 2330 2081 2385 nempe
2109 2314 2333 2371 habitus
2363 2316 2612 2370 omnium
2646 2314 2699 2369 in
2750 2314 2917 2369 rebus
2953 2315 3228 2370 rationum
3269 2330 3470 2370 secun-

1883 2406 2012 2466 dum
2041 2405 2277 2475 speciem
2311 2421 2539 2474 parens,
2576 2420 2896 2476 aequamque
2929 2407 2982 2461 in
3016 2408 3211 2477 spiritu
3242 2408 3471 2481 singulis

1882 2497 2103 2552 vitalem
2138 2497 2582 2553 distributionem
2626 2498 2974 2567 impartiens,
3022 2514 3124 2553 nec
3156 2514 3265 2554 non
3298 2501 3382 2555 sui
3415 2500 3471 2556 in

1883 2602 1949 2643 eo
1974 2588 2120 2658 quod
2157 2589 2450 2643 honestum
2480 2596 2567 2643 est
2598 2589 2809 2643 fundati
2841 2591 2982 2645 situs
3013 2590 3242 2646 ﬁrmitas
3270 2607 3334 2648 ac
3364 2593 3472 2647 im--

1883 2679 2101 2732 mobilis
2127 2679 2285 2733 sedes
2298 2679 2589 2732 exsistens.

1955 2933 2041 2987 96.
2082 2932 2554 3000 Quemadmodum
2591 2933 2731 2987 bona
2773 2936 2959 2990 carnis
2994 2937 3316 2995 habitudine
3353 2940 3472 2996 illa-

1884 3042 1989 3096 que
2023 3026 2331 3096 pinguiore,
2363 3028 2545 3081 anima
2576 3027 2870 3084 all‘ectihus
2904 3038 3190 3099 torquetur
3216 3048 3281 3087 ac
3310 3033 3470 3090 obte-

1886 3120 2169 3183 neln-atur,
2202 3118 2467 3174 virtutum
2501 3118 2692 3173 habitu
2723 3134 2786 3173 ac
2827 3120 3067 3176 scientiae
3100 3122 3471 3179 illustratione

1886 3212 2087 3267 sensim
2116 3212 2541 3267 abscedentibus
2577 3230 2589 3265 :
2621 3213 2698 3268 sic
2725 3229 2945 3284 quoque
2982 3214 3163 3269 anima
3200 3215 3467 3271 virtutum

1886 3304 2086 3358 decore
2132 3320 2197 3359 ac
2246 3305 2488 3359 scientim
2533 3306 2897 3361 illustratione
2944 3307 3153 3361 munita
3202 3317 3260 3362 et
3303 3324 3468 3363 coru-

1885 3410 2093 3461 scantc,
2129 3398 2220 3468 qui
2255 3397 2387 3452 foris
2442 3407 2543 3460 est,
2594 3399 2756 3454 homo
2800 3401 3171 3471 corrumpitur
3194 3402 3266 3467 ";
3304 3417 3469 3459 carne

1883 3489 2095 3543 scilicet
2140 3490 2368 3543 rationis
2413 3489 2647 3544 adventu
2697 3506 2761 3545 ac
2806 3492 3115 3560 praesentia,
3155 3495 3466 3549 naturalem

1885 3583 2081 3636 bonam
2116 3582 2492 3637 habitudinem
2521 3592 2686 3651 atque
2717 3583 2959 3652 vigorem
2990 3586 3297 3640 amittente.

1951 3676 2038 3728 97.
2080 3675 2196 3729 Non
2244 3675 2405 3728 aliter
2459 3673 2573 3727 ﬁeri
2622 3683 2853 3742 poterat,
2904 3684 2963 3728 ut
3014 3686 3232 3731 creatus
3277 3676 3464 3741 homo,

1883 3765 1977 3819 Dei
2038 3765 2181 3820 ﬁlius
2224 3766 2476 3834 Deusquc
2512 3782 2607 3835 per
2636 3764 2998 3820 deiﬁcationis
3024 3768 3249 3835 gratiam
3283 3768 3465 3826 cnice-

1884 3869 2057 3919 retur,
2097 3858 2229 3928 quin
2281 3860 2429 3927 prius
2471 3858 2767 3911 voluntatis
2800 3858 3102 3928 proposito,
3135 3858 3206 3914 ob
3242 3859 3461 3916 insitam

1884 3951 1960 4003 illi
2001 3960 2225 4009 natura,
2258 3963 2358 4002 suo
2401 3948 2572 4017 ipsius
2615 3946 2884 4001 arbitratu
2917 3949 3172 4002 mobilem
3217 3950 3461 4019 nullique

1881 4041 2298 4111 mancipabilem
2328 4040 2665 4101 facultatem,
2692 4040 2890 4109 spiritu
2919 4050 3274 4095 nasceretur:
3296 4057 3463 4112 quam

1883 4132 2077 4202 utique.
2105 4132 2353 4186 deificam
2377 4130 2733 4201 divinamquc
2762 4146 2825 4185 ac
2851 4131 2988 4185 nihil
3017 4139 3287 4188 terrenam
3321 4134 3465 4187 nati-

1881 4225 2124 4287 vitalem,
2154 4238 2278 4277 cum
2318 4224 2529 4293 primus
2555 4222 2719 4294 634
2752 4224 2917 4277 homo
2952 4224 3272 4293 reliquerit;
3306 4225 3465 4279 bonis

1880 4319 2089 4374 scilicet
2128 4317 2235 4371 illis
2260 4331 2381 4386 quae
2406 4316 2522 4371 sola
2550 4324 2732 4371 mente
2759 4316 3141 4386 intelliguntur
3168 4318 3465 4372 hactenus-

1879 4428 1987 4482 que
2034 4411 2271 4465 obscura
2310 4417 2459 4472 sunt,
2503 4422 2698 4463 sensus
2738 4407 2966 4463 delicias
3010 4423 3074 4463 ac
3120 4409 3465 4465 manifestam

1883 4503 2303 4559 delectationem
2348 4500 2673 4571 praeferens;
2712 4500 3070 4569 generatione
3115 4516 3181 4556 ex
3223 4502 3468 4571 corpori-

1816 4582 1857 4635 Π
1886 4597 1989 4651 bus
2036 4596 2182 4650 nulla
2221 4593 2437 4648 arbitrii
2476 4592 2758 4646 voluntate
2801 4602 3085 4647 constante
3137 4604 3465 4665 terrenaque

1889 4698 2051 4757 atque
2080 4686 2315 4749 mortali,
2352 4684 2661 4739 damnatur.

1884 4975 2101 5038 gamur,
2132 4963 2332 5038 ubique
2375 4961 2646 5038 Maximus
2678 4969 2800 5038 post
2836 4959 2997 5038 Greg.
3032 4959 3186 5028 Nyss.
3218 4959 3463 5038 aliosque

1889 5028 2105 5085 Graecos
2134 5028 2433 5100 theologos,
2466 5045 2531 5083 ex
2562 5028 2729 5100 primi
2760 5028 3002 5100 parentis
3030 5031 3463 5100 transgressione

1890 5101 2049 5155 nobis
2083 5098 2371 5155 inolevisse
2403 5100 2563 5154 docet
2598 5117 2608 5151 :
2649 5098 2757 5151 alio
2795 5099 3194 5167 multiplicanili
3238 5099 3461 5153 humani

1889 5171 2105 5239 generis
2143 5172 2307 5225 modo
2348 5169 2664 5238 spiritaliori
2707 5171 2817 5223 Deo
2856 5186 2963 5223 non
3008 5169 3222 5233 ignoto,
3252 5172 3463 5237 integra

1888 5238 2053 5295 etiam
2096 5252 2385 5310 parentum
2418 5241 2762 5309 virginitate;
2797 5256 2959 5308 quem
2980 5242 3225 5310 August.
3260 5238 3460 5310 fatetur

1889 5327 1947 5365 se
1994 5308 2262 5381 ignorare.
2303 5312 2398 5374 Τὸ,
2433 5308 2813 5379 ἀπροαίρετον.
2850 5308 3007 5381 quod;
3036 5310 3257 5362 inritam
3282 5309 3463 5363 reddit

1887 5380 2067 5443 Picus,
2094 5398 2200 5435 non
2232 5382 2365 5435 satis
2393 5390 2578 5449 aptum
2608 5398 2621 5432 :
2651 5391 2808 5434 sonat
2829 5380 2973 5433 enim
3000 5380 3090 5433 illa
3116 5394 3217 5430 vox
3242 5388 3459 5449 contra.

1887 5450 2023 5530 riam
2058 5447 2488 5530 voluntatenr'et
2524 5459 2950 5530 repugnantem,
2982 5464 3106 5530 cum
3141 5464 3243 5503 vox
3275 5447 3463 5530 (Ξῖ-τεῳ

1886 5522 2061 5574 solum
2110 5522 2295 5575 liberae
2335 5518 2633 5576 voluntatis
2672 5518 2825 5573 dicat
2863 5520 3201 5581 absentiam,
3238 5518 3463 5586 opposi-

1888 5592 2035 5645 tione
2074 5593 2140 5644 ad
2177 5591 2477 5661 spiritalem
2515 5590 2923 5661 generationem
2965 5590 3104 5641 κατὰ
3143 5588 3466 5661 προαίρεσιν

1888 5663 1943 5712 ἐν
1984 5658 2271 5732 πνεύματι·
2307 5676 2421 5732 qua:
2454 5658 2712 5732 cx'libcg:
2747 5660 3012 5732 ιιοίιιηεᾳιε
3046 5658 3460 5732 ᾳίΔ-ίη-ερὶνίιιι,

1889 5747 1995 5854 alia
2029 5731 2239 5785 scilicet
2268 5728 2548 5787 nascimur
2579 5746 2609 5785 a
2646 5731 2789 5795 Deo,
2816 5737 2877 5783 ut
2905 5729 3026 5800 ejus
3058 5728 3154 5783 lilii
3189 5728 3360 5783 simus
3398 5742 3463 5783 ac

1931 5802 1967 5854 ii
1998 5802 2109 5854 Deo
2140 5801 2365 5854 similes.
3428 5815 3431 5818 '

1931 5802 1967 5855 ii
1998 5802 2109 5855 Deo
2140 5801 2365 5856 similes.
3428 5815 3431 5818 '
