4184 6436
228 416 361 483 I393

1214 640 2891 671 ______.______________________

1219 428 1713 501 QUEESTIONES
1754 436 1853 495 AD
1893 436 2487 498 THEOPEMI’TUM.

3355 443 3492 510 1394

988 788 1800 931 ΜΑΞΙΜΟΥ
1899 799 2742 937 ΜΟΝΑΧΟΥ

1250 1031 1430 1084 ΠΡΟΣ
1468 1030 1946 1088 ΘΕυΠΕΜΠΤΟΝ
1986 1036 2476 1092 ΣΧΟΛΑΣΤῙΚΟΝ

230 1154 643 1225 Ἐρωτήσαντα
685 1163 817 1237 περὶ
865 1163 975 1216 τοῦ
1014 1166 1233 1237 ξκριζοῦ
1295 1166 1406 1234 τῆς
1453 1167 1722 1234 ἀδικίας·
1782 1170 1882 1222 καί
1943 1171 2078 1230 τοῦ.
2132 1189 2151 1221 ι
2215 1170 2358 1224 Ἐάν
2412 1173 2504 1237 τίς
2554 1190 2629 1227 σε

2666 1174 2903 1241 ρίιπίσῃ
2965 1174 3062 1227 ἐπὶ
3121 1174 3236 1243 τὴν
3286 1174 3496 1240 δεξιὰν

537 1235 793 1301 σιαγόνα
819 1249 831 1263 '
871 1252 889 1285 ι
931 1235 1029 1288 καὶ
1060 1235 1187 1301 τοῦ,
1230 1254 1248 1287 ι
1278 1240 1336 1291 Μ
1343 1237 1375 1303 ἡ
1413 1256 1532 1307 μου
1560 1238 1778 1303 ἅπτου,
1825 1241 1987 1295 ιῦ.τω
2022 1242 2132 1308 γὰρ
2163 1235 2507 1308 ἀναϐέϐηκα
2539 1235 2688 1310 πρὸξ-
2716 1246 2825 1297 tdr
2854 1235 3107 1313 Πατέρα.
3152 1266 3170 1297 ι

1004 1529 1719 1684 MAXIMI
1829 1530 2697 1691 MONACHI

1303 1820 1386 1862 Δι)
1429 1818 1730 1864 ΤΗΕΟΡΕΜ
1742 1821 1913 1864 1³⁸1⁵011
1959 1820 2437 1866 εαιιοιιετιοωι

219 1945 349 2021 Qui
397 1950 742 2039 qumsierat
789 1951 869 2039 de
903 1950 1126 2039 judice
1180 1952 1894 2039 inii'jiiitatis'g_deqiie
1946 1954 2084 2030 illo,
2159 1981 2187 2014 α
2222 1959 2284 2021 Si
2312 1975 2467 2039 quis
2509 1957 2901 2039 percusserit
2945 1965 3004 2020 te
3052 1959 3117 2021 in
3167 1958 3493 2039 dexteram

465 2028 941 2104 maxillam’;'»
994 2028 1315 2111 itemque'
1349 2030 1483 2107 illo,
1536 2054 1564 2088 «
1622 2028 1911 2172 Nglit'me
1951 2028 2215 2143 ’taugere
2249 2058 2264 2098 :
2297 2028 2585 2099 nondum
2633 2037 2805 2099 enim
2867 2039 3129 2101 ascendi
3177 2038 3255 2099 ad

1406 2158 1411 2163 ρ
1719 2128 1752 2173 8
1786 2128 1916 2173 rem
1978 2157 1992 2172 .
2024 2136 2051 2168 ››

1719 2128 1916 2173 atrem
1951 2128 1992 2172 '.
2024 2136 2051 2168 )3

295 2395 393 2464 Οἷς
440 2401 610 2470 Λόγος
663 2394 902 2474 ὖπάρχει
958 2402 1021 2457 τὸ
1076 2404 1571 2476 προσκυνούμενον,
1597 2406 1807 2471 τούτοις
1839 2412 1873 2466 Α

1978 2407 2141 2479 635
2164 2406 2376 2473 Quibus
2396 2408 2637 2464 Verbum
2657 2422 2721 2462 ac
2750 2407 2943 2461 Sermo
2969 2418 3074 2473 est,
3093 2408 3241 2478 quod
3271 2408 3494 2475 colitur,

222 2494 322 2547 καὶ
356 2493 471 2563 βίος
511 2496 803 2567 ὲκφάντωρ
851 2495 1013 2564 λόγου
1070 2497 1131 2550 τὸ
1194 2497 1633 2569 κατορθούμενον
1662 2516 1675 2529 ·
1716 2498 1806 2553 ἵνα

222 2586 503 2655 σφραγῖδα
537 2586 791 2654 γνώσεως
821 2586 1056 2658 ἀληθοῦς
1079 2588 1178 2658 τὴν
1207 2593 1403 2660 πεῖραν
1434 2589 1688 2653 λαϐόντες
1708 2590 1808 2662 τῆς

222 2677 500 2747 πράξεως,
533 2678 778 2747 μάθωσιν
828 2679 921 2748 ἀφ’
952 2673 1027 2733 ὧν
1048 2720 1063 2744 ,
1095 2681 1172 2742 ὡς
1219 2679 1399 2749 θέμις,
1447 2680 1807 2746 πεπόνθασιν,

223 2768 352 2821 ὅσον
388 2768 484 2820 τοῦ
518 2769 572 2821 τί
598 2770 818 2829 εἰδέναι.
852 2768 1037 2840 μεῖξον
1071 2771 1130 2822 τδ
1157 2769 1403 2837 γίνεσθαι
1437 2786 1451 2801 ο
1496 2771 1588 2823 καὶ
1620 2770 1809 2823 τούτου

229 2859 454 2929 μᾶλλον,
480 2859 543 2911 τὸ
571 2860 657 2912 ἀεὶ
676 2862 771 2913 καὶ
807 2861 1029 2930 μᾶλλον,
1063 2861 1167 2925 ἕως
1186 2858 1254 2913 ἄν
1282 2861 1465 2925 αὐτοῖς
1493 2864 1525 2930 ἡ
1558 2860 1694 2932 πρὸς
1719 2860 1811 2913 τὸν

225 2950 405 3003 αίτιον
458 2949 782 3013 ἀδίστακτος
830 2951 1109 3015 οἰκείωσις
1134 2990 1150 3016 ,
1182 2951 1589 3023 κατορθωθείη,
1625 2951 1811 3006 στάσει

225 3041 330 3108 τὴν
361 3039 578 3110 κίνησιν
603 3040 1024 3110 περιγράφουσα
1058 3042 1152 3093 καὶ
1182 3042 1416 3113 ἀτρεψία
1445 3041 1670 3112 γνώμης
1716 3041 1813 3112 τὴν

226 3129 419 3197 ερεσιν
446 3146 459 3158 ·
490 3124 571 3193 οἷς
621 3130 721 3182 καὶ
753 3132 785 3201 ἡ
824 3130 964 3200 μετὰ
994 3131 1158 3203 χάριν
1204 3132 1489 3196 ὲκθέωσις,
1529 3133 1680 3203 ίερᾶς
1712 3131 1813 3202 τῆς

229 3220 373 3272 κατά
407 3220 556 3272 τόνδε
595 3223 686 3274 τὸν
711 3221 825 3290 βίον
852 3223 948 3275 καὶ
994 3223 1258 3286 θεοειδοῦς
1301 3224 1528 3292 ἀγωγῆς
1581 3223 1815 3277 ἔπαθλον

230 3312 574 3366 ἀντιδίδοται.
612 3314 755 3383 Πρὸς
804 3313 899 3377 οὒς
930 3315 1078 3383 μάλα
1110 3315 1290 3383 σοφῶς
1336 3316 1540 3378 καύτὸς
1571 3315 1814 3369 ἀπευθύ-

232 3420 341 3456 νων
371 3404 461 3456 τὸν
496 3404 630 3474 βίον,
660 3405 997 3475 θεοφύλακτε
1026 3406 1289 3470 δέσποτα,
1316 3406 1499 3476 ζητεῖν
1526 3406 1725 3479 ἐπείγῃ
1753 3407 1816 3461 τὸ

238 3498 378 3549 πᾶσι
442 3499 805 3567 προκείμενον
855 3499 922 3551 δι’
952 3498 1289 3567 ἀγαθὸτητα,
1355 3499 1451 3552 καὶ
1493 3498 1700 3561 πάντας
1748 3499 1817 3552 δι’

232 3590 497 3660 ἀπειρίαν
554 3589 936 3660 διαδιδράσκον
970 3606 982 3620 ·
1040 3590 1100 3643 τὸ
1155 3591 1273 3660 μὲν,
1304 3590 1371 3643 ἵν’
1414 3588 1621 3664 ἑλκύσῃ
1679 3592 1818 3663 πρὸς

234 3683 420 3745 ἑαυτὸ,
454 3681 532 3751 τῷ
560 3683 829 3752 ἀμηχάνῳ
856 3682 956 3752 τῆς
983 3683 1323 3754 ὡραιότηιος
1380 3682 1664 3752 κεντρίζον
1718 3684 1819 3754 τὴν

1914 2499 1981 2555 iis
2008 2512 2227 2568 quoque
2259 2497 2339 2553 sic
2372 2497 2485 2551 vita
2518 2496 2769 2551 instituta
2789 2503 2892 2560 est,
2918 2503 2979 2549 ut
3000 2511 3100 2549 suo
3132 2496 3245 2565 ipsa
3270 2511 3497 2551 munere

1910 2591 2067 2646 verbi
2091 2590 2472 2659 sermonisque
2493 2589 2766 2658 interpres
2792 2587 2895 2653 sit;
2927 2603 3037 2658 quo
3058 2587 3291 2652 scilicet,
3320 2588 3497 2658 ipsum

1911 2680 2149 2737 actionis
2194 2680 2373 2751 reipsa
2408 2680 2736 2750 periculum,
2770 2695 2917 2733 vera:
2957 2678 3201 2733 scientia:
3241 2679 3498 2750 signacu-

1912 2776 2027 2830 lum
2054 2774 2223 2840 nacti,
2253 2773 2412 2829 exiis
2440 2788 2562 2842 quae
2590 2772 2734 2841 passi
2765 2771 2876 2827 sint
2900 2770 3082 2841 quoad
3112 2771 3263 2836 licet,
3298 2770 3502 2825 intelli-

1913 2872 2064 2937 gant,
2093 2873 2359 2935 quantum
2401 2870 2622 2933 praestet
2661 2864 2950 2933 majusque
2994 2862 3087 2926 sit,
3132 2862 3249 2916 ﬁeri
3291 2861 3500 2932 aliquid

1913 2974 2079 3029 quam
2121 2959 2300 3025 scire;
2344 2956 2509 3027 idque
2554 2956 2693 3010 adeo
2737 2956 2910 3026 magis
2955 2970 3173 3026 semper
3219 2955 3502 3025 magisque

1915 3046 2057 3114 ﬁeri,
2096 3046 2274 3102 donec
2310 3046 2549 3100 indivisa
2593 3061 2719 3100 cum
2763 3044 3002 3100 Auctore
3033 3043 3387 3100 necessitudo
3420 3042 3504 3098 eis

1916 3140 2215 3210 obtigerit,
2258 3139 2374 3208 ipsa
2426 3138 2612 3208 quiete
2658 3146 2868 3192 motum
2911 3136 3406 3202 circumscribens,
3447 3145 3505 3191 et

1917 3244 2040 3299 qua:
2069 3228 2487 3283 invertibilitate
2515 3227 2683 3281 animi
2712 3226 3048 3281 desiderium
3085 3226 3238 3280 ﬁniat
3263 3244 3276 3279 :
3302 3226 3503 3296 quibus

1917 3322 2107 3383 etiam,
2136 3337 2260 3391 quae
2296 3321 2487 3391 gratiae
2513 3334 2699 3375 comes
2719 3328 2824 3383 est,
2854 3317 3130 3372 deiﬁcatio
3163 3318 3503 3381 conferatur,

1919 3430 2088 3470 sacra:
2115 3429 2177 3469 ac
2220 3412 2505 3469 deil‘ormis
2538 3411 2902 3467 institutionis
2934 3410 3066 3465 dum
3107 3410 3215 3465 hoc
3242 3410 3505 3465 seculum

1918 3506 2176 3570 vertitur,
2201 3504 2447 3575 praemio.
2492 3505 2571 3558 Ex
2594 3504 2791 3557 borum
2824 3511 2879 3557 tu
2911 3518 3153 3573 quoque,
3177 3518 3205 3556 a
3236 3503 3349 3557 Deo
3375 3518 3508 3558 con-

1920 3605 2135 3652 servate
2177 3596 2421 3661 domine,
2456 3596 2668 3650 ratione
2698 3595 2976 3666 sapienter
3008 3595 3305 3650 admodum
3336 3595 3505 3650 vitam

1923 3688 2190 3758 dirigens,
2235 3686 2497 3741 desiderii
2545 3686 2745 3741 ardore
2786 3686 3009 3755 quaeris,
3051 3685 3220 3755 quod,
3252 3700 3318 3740 eo
3357 3686 3506 3755 quod

243 3773 432 3843 ἔφεσιν
458 3790 471 3804 -
510 3773 569 3826 τὸ
606 3774 685 3838 δὲ,
721 3774 809 3826 ῖνα
859 3764 1138 3845 στομώσῃ,
1165 3777 1231 3845 τῇ
1283 3776 1383 3844 τῆς
1444 3774 1820 3845 ὑπεραπείρον
1856 3764 1873 3818 Ι

1925 3778 2133 3833 bonum
2156 3777 2368 3831 cunctis
2391 3776 2698 3846 expositum
2722 3784 2806 3829 est
2829 3776 3086 3846 quodque
3105 3790 3172 3831 eo
3201 3775 3348 3845 quod
3380 3774 3505 3829 iuli-

237 3866 585 3937 καταπλήξει
622 3868 714 3919 καὶ⁴
741 3864 888 3928 θείας
919 3867 1197 3937 ὑπεροχῆς
1221 3868 1572 3937 περιστέλλον
1611 3868 1703 3921 τὸν
1730 3869 1815 3922 κό-

240 3977 357 4032 ρον,
397 3960 611 4030 ὕϐρεως
636 3960 765 4013 ὄντα
797 3960 1011 4029 πατέρα
1064 3961 1159 4013 καὶ
1205 3960 1505 4029 διαχύσεως
1550 3961 1819 4032 γέννημα,

235 4056 351 4116 τοῖς
404 4055 503 4123 τὴν
566 4054 826 4122 φλογίνην
866 4053 1146 4122 ῥομφαίαν
1199 4048 1260 4105 οὖ
1314 4050 1687 4124 προθεωροῦσι
1724 4056 1819 4108 σὺν

238 4148 355 4208 τοῖς
389 4145 669 4216 Χερουϐὶμ
698 4145 1040 4214 τεταγμένην
1064 4145 1157 4197 καὶ
1180 4146 1575 4215 στρεφομένην,
1603 4146 1703 4198 οὐκ
1728 4146 1820 4201 άλ-

239 4237 376 4300 λοις,
411 4237 444 4307 ἢ
486 4238 596 4299 τοῖς
624 4236 748 4305 δίχα
780 4235 943 4301 φόϐον
968 4234 1106 4305 πρὸς
1137 4237 1341 4306 ἀρετὴν
1368 4236 1815 4305 ἐπιστρέφουσιν·

239 4328 396 4381 ἐνθεν
429 4328 507 4398 τῷ
532 4326 756 4397 μεγέθει
791 4326 892 4396 τῆς
922 4326 1015 4378 ἐπὶ
1041 4326 1108 4379 τὰ
1134 4327 1273 4380 καλὰ
1308 4328 1592 4395 προκοπῆς
1622 4345 1820 4381 συνεπο

236 4422 501 4474 εκτείνων
554 4419 617 4472 τὸ
668 4418 919 4488 μέτριον,
962 4410 1005 4484 ᾧ
1035 4419 1127 4470 καὶ
1175 4418 1378 4487 μᾶλλον
1429 4418 1687 4485 ὲπαύξεις
1725 4421 1822 4472 σὺν

236 4511 518 4581 ἀσφαλείᾳ
562 4509 662 4579 τὴν
703 4510 931 4579 πρόοδον
963 4527 977 4541 ·
1007 4510 1246 4579 ἠξίωσας
1284 4509 1535 4580 ἀγνὼτην
1583 4511 1711 4562 ὅντα
1753 4528 1821 4579 με

236 4603 334 4655 καὶ
388 4600 643 4653 ταπεινὸν
688 4600 1020 4667 ἐπιγνῶναι,
1050 4599 1117 4651 δι’
1142 4595 1203 4653 οὗ
1258 4602 1370 4662 τοῖς
1420 4601 1544 4653 κατ’
1582 4602 1752 4671 αὐτὴν
1787 4604 1820 4673 η

238 4694 405 4763 φύσις
453 4694 657 4763 τρόπου
710 4693 1034 4763 παρείχετο·
1092 4693 1234 4761 φημὶ
1281 4691 1371 4752 δὲ,
1408 4691 1502 4745 τοῦ
1562 4694 1823 4764 γράμμα-

240 4801 338 4847 τος
372 4801 385 4814 ·
422 4784 450 4835 ὃ
504 4783 661 4851 λόγος
716 4782 1061 4844 συνδεκτικὸς
1113 4781 1222 4833 τῶν
1268 4781 1516 4835 ἀπόντων
1562 4784 1701 4847 ἐστὶ,
1728 4786 1822 4837 καὶ

238 4879 353 4930 τῶν
385 4881 446 4931 οὐ
496 4876 841 4947 βλεπομένων
882 4875 1271 4946 ὲμφανιστικός
1313 4892 1326 4905 ο
1361 4876 1614 4930 τοσοῦτον
1640 4878 1821 4948 νοήσει

238 4972 577 5041 παραδιδοὺς
629 4970 723 5023 καὶ
789 4968 1075 5021 συνάπτων
1114 4969 1207 5020 τὸν
1251 4967 1389 5032 τέως
1452 4969 1706 5039 αἰσθήσει
1745 4969 1821 5039 μὴ

237 5064 669 5135 γνωριζόμενον,
700 5064 823 5115 ὅσον
862 5061 951 5114 διὰ
975 5060 1182 5155 ταύτὶης
1209 5061 1372 5123 αὐτὸς
1414 5061 1816 5133 χαραττόμενος
1846 5099 1890 5155 C

240 5158 548 5227 παχύνεται
590 5152 1014 5224 σωματούμενος
1043 5169 1056 5182 ·
1094 5145 1137 5219 ᾧ
1198 5153 1292 5204 καὶ
1334 5151 1431 5221 τὴν
1480 5152 1619 5223 ἐμὴν
1675 5154 1824 5207 οὐδέ-

240 5264 394 5302 νειαν
422 5249 499 5309 είς
528 5246 690 5298 πόθον
721 5245 925 5315 ἤγαγες
954 5243 1044 5296 τὸν
1068 5244 1331 5314 ὑμέτερον
1375 5243 1536 5295 πλέον
1555 5284 1571 5307 ,
1696 5246 1823 5299 θέαν

239 5342 346 5409 τὴν
376 5338 585 5391 οἰκείαν
618 5335 926 5405 ἀσωμάτως
965 5334 1265 5405 κεκίνηκας
1291 5352 1304 5365 ο
1344 5336 1627 5408 προδείξας
1662 5337 1824 5392 αὑτὸν

243 5431 336 5483 ἐπ’
363 5431 567 5499 ἀμφοῖν
592 5427 803 5481 τούτοιν
828 5426 971 5496 ἐχειν
1005 5427 1205 5498 μᾶλλον
1233 5427 1294 5479 τὸ
1320 5424 1436 5480 ἴσον
1472 5430 1600 5499 περὶ
1622 5429 1713 5482 τὸν
1735 5430 1825 5483 λό-

240 5539 365 5589 γον,
404 5520 438 5579 ἧ
472 5520 594 5572 ὅσον
624 5518 799 5589 ἕτεροι
830 5518 958 5588 περὶ
991 5517 1049 5570 σὲ
1072 5518 1169 5587 τὴν
1191 5516 1284 5570 τοῦ
1311 5517 1471 5585 λόγου
1501 5518 1659 5590 χάριν
1675 5524 1827 5591 παρὰ

242 5622 374 5678 τοὺς
395 5611 586 5673 ἄλλους
606 5610 1006 5681 προτερήματα
1034 5611 1049 5630 ⁶
1072 5627 1085 5640 ο
1123 5605 1202 5673 οἷς
1239 5609 1325 5663 διὰ
1355 5610 1470 5680 βίου
1515 5613 1827 5684 κοσμούμε-

1922 3869 2123 3934 nitum,
2153 3867 2291 3938 fugit
2318 3882 2512 3922 omnes
2543 3884 2556 3920 :
2588 3866 2823 3920 alterum
2858 3866 3100 3935 quidem,
3131 3874 3191 3920 ut
3210 3863 3281 3919 ad
3310 3879 3368 3919 se
3394 3874 3507 3919 tra-

1922 3961 2039 4027 liat,
2078 3961 2349 4015 immenso
2373 3959 2573 4013 decore
2606 3957 2965 4028 cupiditatem
3003 3957 3386 4023 exstimulans;
3426 3956 3508 4010 al-

1925 4066 2102 4111 terum
2127 4071 2280 4120 vero,
2308 4062 2368 4109 ut
2394 4052 2553 4123 quasi
2578 4052 2762 4117 duret,
2791 4067 2955 4121 supra
2980 4066 3145 4121 quam
3186 4049 3414 4104 inﬁnita
3446 4048 3509 4103 il-

1924 4149 2030 4203 lius
2064 4147 2372 4216 divinaeque
2415 4144 2754 4200 excellentiae
2796 4151 3019 4214 stupore
3061 4142 3339 4197 fastidium
3391 4158 3508 4196 am-

1925 4248 2123 4310 putans
2176 4245 2341 4306 atque
2389 4234 2685 4299 inhibens,
2755 4248 2866 4303 quo
2918 4232 3159 4302 proclive
3208 4230 3507 4302 spnetiouis

1925 4329 2123 4399 injuria
2171 4334 2277 4391 est,
2326 4334 2382 4380 et
2415 4325 2563 4396 quod
2613 4326 2793 4394 ipsum
2842 4322 3156 4378 dillusiouis
3192 4323 3376 4393 proles
3408 4338 3507 4377 ex-

1923 4420 2099 4480 sistat.
2138 4418 2243 4481 liis,
2272 4417 2368 4486 qui
2397 4424 2681 4471 extentum
2723 4414 2891 4469 sociis
2925 4413 3224 4469 Cherubim
3267 4430 3332 4469 ac
3366 4414 3508 4469 voli-

1926 4516 2129 4563 tantem
2152 4524 2260 4562 non
2290 4506 2594 4577 pmvident
2617 4505 2928 4560 ﬂammeum
2953 4487 3207 4575 gladium
3242 4502 3297 4571 ⁸;
3327 4520 3508 4574 neque

1923 4603 2046 4657 aliis
2071 4617 2232 4670 quam
2258 4599 2353 4669 qui
2375 4599 2493 4653 sine
2516 4607 2663 4651 metu
2691 4613 2794 4653 nec
2814 4597 2908 4650 illo
2932 4597 3131 4650 comite
3159 4595 3225 4649 ad
3247 4595 3506 4650 virtutem

1923 4700 2342 4749 convertuntur.
2398 4690 2537 4745 Hinc
2584 4690 2749 4762 636
2797 4688 3058 4742 nimirum
3107 4688 3334 4757 paribus
3381 4704 3505 4742 cuni

1925 4786 2143 4841 honesti
2169 4783 2420 4855 profectu
2449 4782 2649 4846 modis,
2676 4780 2911 4835 modesti
2937 4779 3106 4832 animi
3135 4794 3356 4833 sensum
3383 4794 3509 4849 pro-

1924 4880 2125 4942 ferens,
2158 4894 2269 4947 quo
2291 4883 2346 4930 et
2367 4874 2547 4929 omnis
2582 4888 2813 4928 securus
2825 4871 3089 4942 periculi,
3110 4873 3372 4942 majorem
3394 4870 3510 4925 frtr-

1924 4980 2071 5024 ctum
2098 4969 2259 5033 facis;
2290 4975 2349 5021 ut
2369 4974 2426 5020 et
2457 4966 2627 5036 ignoti
2657 4965 2765 5018 mei
2806 4973 2972 5034 atque
3005 4963 3230 5018 bum‘ilis
3258 4963 3509 5018 notitiam

1924 5061 2326 5118 conciliandam
2376 5074 2544 5128 opera
2590 5057 2882 5126 studioque
2932 5057 3242 5124 putaveris,
3292 5070 3403 5124 quo
3455 5054 3511 5109 id

1926 5155 2109 5218 modo,
2153 5166 2327 5221 exque
2370 5151 2489 5204 suis
2518 5149 2842 5212 rationibus,
2877 5156 3072 5201 natura
3118 5147 3381 5214 indulsit;
3415 5164 3513 5217 per

1924 5248 2137 5301 litteras
2172 5244 2382 5298 scilicet
2414 5257 2477 5297 ac
2516 5240 2808 5311 epistolas;
2842 5239 2961 5309 ejus
2994 5238 3251 5291 nimirum
3294 5238 3512 5307 generis

1926 5354 2201 5401 sermone,
2240 5336 2334 5405 qu‘i
2383 5336 2541 5405 longe
2573 5333 2829 5387 absentes
2874 5331 3010 5385 alios
3056 5329 3177 5384 aliis
3223 5330 3396 5393 uuiat,
3447 5345 3512 5383 ac

1930 5445 2211 5500 nunquam
2248 5444 2322 5481 .ex
2359 5426 2497 5480 facie
2540 5425 2709 5489 visos,
2760 5420 3079 5475 manifestos
3124 5419 3315 5473 reddat
3346 5436 3359 5472 :
3390 5427 3512 5473 tan-

1934 5532 2051 5575 tum
2100 5519 2361 5573 nimirum
2400 5514 2601 5570 mentis
2647 5509 3005 5582 intelligentia
3053 5508 3302 5579 prmbens
3329 5524 3393 5563 ac
3419 5508 3515 5563 do-

1935 5612 2202 5675 vinciens,
2230 5611 2324 5680 qui
2353 5607 2588 5663 necdum
2613 5620 2777 5660 sensu
2813 5601 3069 5666 innotuit,
3097 5608 3365 5669 quantum
3396 5599 3513 5670 ipse

320 5730 337 5760 ¹
370 5727 505 5781 Luc.
539 5740 689 5786 mu,
718 5724 771 5778 6.
848 5726 867 5755 ¹
900 5723 1037 5779 Luc.
1074 5739 1149 5789 vx,
1180 5723 1269 5778 29.
1350 5723 1371 5755 ³
1397 5723 1552 5780 Joan.
1589 5742 1678 5793 xx,
1702 5725 1793 5783 27.
1869 5729 1890 5760 ⁸
1920 5728 2057 5784 Gen.
2088 5742 2166 5793 ιιι,
2199 5724 2288 5779 24.

323 5848 343 5869 ⁶
377 5845 558 5899 Locus
580 5840 871 5907 obscurus,
900 5855 963 5895 ac
992 5839 1132 5896 forte
1163 5838 1481 5896 mendosus.
