4184 6436
657 391 678 452 i
690 396 795 458 395

1807 399 1866 456 S.
1909 396 2194 456 MAXIMI
2235 395 2740 458 CONFESSORIS

3778 396 3923 468 1396

556 523 559 526 ⁴
655 517 755 569 per
777 517 904 583 eum
927 499 1005 571 (id
1025 509 1110 557 est
1138 501 1385 572 sensum)
1418 515 1677 560 exaratos
1709 515 1988 561 crassatur
2006 521 2236 574 corpore

2346 521 2449 566 νος,
2473 505 2589 566 πῶς
2618 523 2749 560 ποτε
2783 506 2884 576 τὴν
2911 506 3050 576 ἐμὴν
3103 506 3464 578 ἀμὸλυωπίαν
3498 509 3636 581 πρὸς
3690 512 3928 581 θεωρίαν

651 585 1008 648 convestitus.
1035 591 1156 660 Quo
1189 603 1245 648 et
1278 610 1553 662 sermone,
1591 598 1646 650 in
1677 598 1756 651 tiri
1802 599 1978 668 majus
2019 598 2238 653 deside-

654 685 819 746 rium,
856 699 1032 736 meam
1077 687 1400 740 tenuitatem
1429 698 1483 742 et
1513 687 1660 756 quod
1706 688 1937 758 exiguus
1984 699 2038 742 et
2083 690 2242 742 nihili

651 787 795 834 sum,
837 773 1072 838 traxisti,
1119 776 1208 830 cui
1259 777 1580 845 incorporea
1630 779 1841 833 ratione
1883 781 1960 832 tui
2003 780 2118 848 ipse
2150 794 2241 834 as-

651 873 869 933 pectum
903 869 1360 937 prmsenliamque
1403 870 1784 936 suseitaveris;
1822 871 2118 926 Ostendens
2150 873 2237 925 ni-

649 954 852 1009 mirum
888 965 1125 1026 utroque
1173 960 1347 1028 magis
1391 970 1442 1014 te
1491 969 1733 1025 nactum,
1784 964 2056 1019 sermonis
2103 964 2236 1027 ritu,

645 1047 1050 1118 aequalitatem;
1098 1067 1263 1120 quam
1299 1061 1393 1108 tuo
1437 1055 1529 1108 alii
1577 1055 1849 1110 sermonis
1890 1057 2145 1126 gratiam,
2179 1066 2240 1110 ut

646 1138 884 1209 reliquis
908 1142 1228 1210 prtecellant
1254 1162 1266 1197 :
1294 1144 1496 1213 quibus
1523 1160 1620 1214 per
1650 1146 1820 1201 vitam
1849 1151 2098 1212 ornatus,
2129 1163 2242 1218 quo

648 1245 895 1300 unquam
941 1235 1107 1290 modo
1141 1236 1464 1306 caligantem
1497 1245 1735 1292 mentem
1775 1253 1951 1294 meam
1995 1239 2063 1294 ad
2106 1254 2239 1293 eon-

647 1321 1072 1390 templationcm
1103 1325 1486 1389 inducendam,
1522 1325 1618 1379 tibi
1650 1327 1766 1396 ipse
1796 1341 1976 1397 Operae
2003 1327 2240 1397 pretium

647 1407 882 1478 duxisti,
929 1413 1097 1484 idque
1143 1429 1426 1469 sacrorum
1470 1415 1738 1484 ejusmodi
1791 1431 2134 1482 sermonum,
2179 1434 2243 1473 ac

2342 596 2558 663 ἐνάγειν
2588 597 2950 662 έσπούὸασας,
2994 599 3155 667 ἱερῶν
3190 602 3282 653 καὶ
3315 600 3484 654 ταῦτα
3515 600 3714 670 λόγων,
3736 604 3833 657 καὶ
3854 597 3927 656 ὧν

2345 689 2679 758 ἡὲπίὸασις,
2718 693 2966 761 κρεῖττον
3015 692 3046 762 ἢ
3093 694 3233 746 κατὰ
3281 693 3589 764 ἄνθρωπον,
3621 697 3717 748 τὸν
3771 696 3928 749 οὔπω

2345 781 2562 845 τελείως
2601 783 3021 853 ὑπεραναϐάντα
3045 785 3142 856 τὴν
3170 785 3276 838 τῶν
3304 787 3551 840 ἀστάτων
3577 788 3670 840 καὶ
3703 788 3928 842 διαστα-

2345 872 2454 925 τῶν
2481 873 2644 941 φύσιν
2679 876 2771 928 καὶ
2801 874 3018 944 γένεσιν
3047 892 3062 908 ο
3104 879 3179 946 μὴ
3227 878 3308 931 ὅτι
3339 879 3390 946 γ’
3428 879 3552 948 ἐμοὶ
3580 879 3659 948 τῷ
3708 881 3929 950 φορυτῷ

2345 958 2551 1014 τούτων
2628 961 2893 1028 ἑκουσίως
2961 967 3367 1036 συμφυρομένῳ
3399 1005 3414 1030 ,
3480 961 3577 1020 καὶ
3639 967 3926 1036 σκώληκος

2345 1053 2502 1124 δίκην
2559 1058 2626 1125 τῇ
2681 1054 2844 1126 σήψει
2883 1056 2992 1109 τῶν
3021 1059 3351 1129 ἀκαθάρτων
3397 1059 3806 1130 καλινδουμένῳ
3835 1063 3928 1113 καὶ

2347 1145 2592 1216 ἡδομένῳ
2620 1146 2994 1217 παθῶν.’ῐιλὴν
3019 1148 3119 1218 τῆς
3144 1148 3459 1212 εὐπειθείας
3488 1148 3670 1219 χάριν,
3703 1151 3800 1202 καὶ
3828 1149 3928 1218 τῆς

2347 1235 2620 1308 ὑμετέρας
2646 1238 2873 1308 ἀγάπης
2903 1238 3094 1310 τιμὴν,
3124 1240 3233 1294 τῶν
3278 1241 3421 1312 ὑπὲρ
3453 1241 3610 1304 ἀξίαν
3657 1241 3930 1294 κατατολ-

2351 1329 2489 1400 μῶν,
2526 1331 2711 1384 ἐκεῖνά
2756 1349 2900 1402 φημι
2940 1332 3069 1401 περὶ
3111 1325 3188 1384 ὧν
3239 1331 3556 1384 ἐκελεύσατε
3591 1349 3606 1363 ο
3640 1347 3928 1400 στοχαστι-

2349 1418 2485 1484 κῶς.
2525 1422 2639 1475 ἀλλ’
2662 1424 2762 1476 οὐκ
2789 1423 3200 1492 ἀποφαντικῶς.

645 1517 892 1569 quorum
940 1508 1234 1570 assecutio,
1279 1522 1442 1575 quam
1491 1522 1593 1576 pro
1622 1509 1741 1577 ejus
1772 1508 2034 1564 facultate
2080 1512 2334 1580 superior
2355 1515 2590 1579 exsistit,
2640 1515 2736 1585 qui
2776 1516 3013 1571 necdum
3063 1517 3306 1588 perfecte
3359 1517 3700 1572 instabilium
3744 1530 3930 1569 rerum

634 1595 720 1671 fre
743 1599 1095 1653 dividuarum
1117 1608 1371 1654 naturam
1427 1609 1722 1672 ortumque
1780 1604 2319 1672 superavit;nedum
2360 1625 2458 1678 pro
2507 1622 2648 1671 mea,
2695 1610 2789 1678 qui
2824 1609 3021 1663 horum
3071 1619 3267 1680 sponte
3309 1609 3543 1664 colluvie
3573 1609 3835 1670 miscear,
3871 1621 3934 1660 ac

659 1691 868 1746 vermis
911 1690 1111 1756 instar,
1140 1692 1195 1746 in
1229 1692 1638 1747 immundorum
1669 1693 1797 1750 tabo
1827 1695 2125 1751 affectuum
2151 1698 2369 1752 voluter
2426 1715 2490 1754 ac
2512 1700 2762 1755 delieier.
2796 1699 3094 1756 Enimvero
3156 1701 3485 1770 obsequenti
3555 1701 3768 1762 animo,
3794 1710 3850 1754 et
3876 1707 3934 1753 ut

659 1792 856 1837 vestra:
883 1781 1166 1837 dilectioni
1200 1783 1466 1838 honorem
1495 1783 1749 1846 habeam,
1799 1787 2004 1855 majora
2053 1789 2340 1858 aggredior
2362 1807 2525 1861 quam
2550 1807 2651 1862 pro
2679 1805 2798 1846 mea
2831 1792 3111 1858 facultate,
3163 1803 3225 1848 ut
3283 1792 3352 1848 de
3394 1795 3597 1864 quibus
3655 1794 3932 1864 jussistis,

661 1875 872 1940 dicam;
920 1875 976 1929 id
1008 1890 1140 1930 vero
1183 1877 1522 1946 conjectura,
1560 1892 1666 1930 non
1699 1877 1854 1945 quasi
1903 1877 2018 1947 ipse
2055 1879 2346 1936 decernam
2377 1899 2440 1939 ac
2467 1886 2797 1940 sententiam
2827 1883 3022 1939 feram.

731 1967 980 2024 Iudicem
1033 1965 1341 2035 iniquitatis
1397 1969 1454 2020 in
1500 1965 1826 2037 Evangelio,
1879 1968 2112 2039 figurato
2161 1971 2243 2026 lo-

2421 1969 2632 2046 Κριτὴν
2692 1973 2905 2037 ἀδικίας
2962 1977 3020 2028 ἐν
3071 1973 3148 2044 τῷ
3177 1963 3496 2043 Εὑάγγελίῳ
3538 1962 3935 2043 παραδολικῶς

659 2057 865 2128 quendi
901 2072 1102 2127 genere
1137 2064 1194 2110 et
1232 2073 1331 2126 per
1371 2056 1818 2123 similitudinem,
1863 2069 2104 2115 mentem
2147 2078 2246 2117 no-

659 2157 828 2206 stram
847 2148 1139 2220 significari
1171 2149 1410 2202 arbitror
1437 2164 1500 2202 ac
1530 2151 1857 2219 nuncupari,
1885 2152 2031 2221 quod
2074 2130 2243 2207 nimi-

659 2255 784 2296 rum
815 2242 927 2310 jam
963 2241 1082 2309 ipso
1115 2238 1275 2294 initio
1307 2240 1759 2308 transgressionis
1794 2250 1948 2298 reatu
1993 2241 2244 2312 iniquum

653 2331 924 2404 judicium
952 2331 1176 2394 fecerit;
1201 2331 1404 2400 quippe
1427 2330 1746 2385 Conditoris
1773 2331 1853 2386 illi
1879 2341 2066 2402 spreto
2092 2350 2246 2389 man-

658 2427 811 2494 dato,
833 2426 1296 2496 'corruptorisque
1324 2425 1537 2480 delecto
1558 2425 1790 2480 consilio
1818 2441 1930 2497 quo
1955 2426 2160 2482 factum
2186 2437 2246 2483 ut

657 2526 878 2576 terrena
906 2533 1026 2574 esse
1054 2519 1214 2587 longe
1238 2517 1560 2587 praetulerit,
1583 2532 1744 2587 quam
1776 2524 1836 2572 ut
1857 2526 2004 2573 esset
2034 2519 2245 2573 divina-

659 2627 768 2684 que
792 2611 1070 2668 evaderet.
1105 2611 1234 2681 Ejus
1265 2609 1565 2673 civitatem,
1593 2623 1817 2663 sensum
1856 2609 2121 2680 intelligo,
2149 2619 2246 2665 aut

664 2703 932 2758 mundum
955 2703 1132 2758 oculis
1160 2701 1491 2772 subjectum,
1522 2701 1576 2754 in
1606 2699 1810 2770 quibus
1839 2701 2081 2756 dementi
2113 2717 2244 2756 con-

661 2792 790 2848 silio
834 2791 1064 2846 libidine
1115 2791 1535 2860 conquiescens,
1581 2789 1924 2846 habitatione
1981 2801 2244 2862 certoque

661 2883 946 2940 domicilio
970 2881 1269 2938 ineolatum
1310 2883 1573 2949 mutavit;
1604 2897 1784 2952 neque
1817 2884 1990 2938 Deum
2021 2884 2242 2951 timens,

661 2991 843 3046 neque
863 2992 995 3032 vero
1017 2976 1296 3041 eumdem,
1324 2977 1502 3031 nostri
1526 2991 1690 3031 causa
1714 2975 1994 3031 hominem
2014 2976 2241 3044 factum,

663 3082 958 3134 reverens;
993 3067 1227 3121 alterum
1261 3065 1483 3135 quidem
1511 3081 1624 3135 prae
1653 3064 1930 3119 dementia
1958 3081 2020 3120 ac
2054 3082 2245 3135 super-

665 3161 756 3216 bia
776 3177 792 3226 ;
815 3160 1046 3214 alterum
1073 3167 1277 3223 autem,
1306 3171 1416 3228 prrc
1444 3163 1760 3226 contemptu
1783 3173 1798 3224 ;
1821 3155 1982 3228 637
2008 3173 2242 3227 quarum

663 3253 758 3308 illa
791 3250 1088 3319 (dementia
1123 3250 1334 3304 scilicet
1379 3257 1436 3302 et
1477 3247 1758 3318 superbia)
1804 3264 1914 3302 non
1947 3249 2244 3318 praevideat

2349 2065 2616 2133 ὑπάρχειν
2644 2067 2739 2119 καὶ
2775 2063 3055 2132 λέγεσθαι,
3083 2065 3176 2117 τὸν
3197 2065 3466 2134 ἡμέτερον
3491 2065 3780 2133 λογισμὸν,
3820 2065 3931 2133 ἀρ-

2343 2156 2510 2225 χῆθεν
2539 2159 2603 2210 ἐκ
2637 2157 3001 2228 παραϐάσεως
3027 2156 3212 2210 ἄδικον
3273 2156 3646 2226 πεποιημένον
3669 2157 3774 2227 τὴν
3803 2157 3934 2226 κρί-

2347 2262 2431 2298 σιν
2463 2261 2480 2278 ο
2515 2246 2590 2309 ὼς
2617 2245 2836 2317 τὴν.τοῦ
2872 2247 3173 2309 κτίσαντος
3203 2246 3302 2315 μὲν
3342 2247 3402 2299 οὐ
3443 2247 3740 2315 δεξάμενον
3768 2250 3931 2300 ἐντο-

2344 2337 2443 2406 λήν
2469 2354 2486 2368 ’
2514 2338 2613 2408 τὴν
2639 2337 2696 2390 δὲ
2729 2336 2823 2391 τοῦ
2855 2337 3171 2409 φθείροντος
3201 2338 3454 2409 ἑλόμενον
3489 2337 3802 2407 συμϐουλήν
3826 2357 3840 2369 ·
3872 2336 3936 2402 ἐξ

2343 2423 2405 2482 οὗ
2436 2429 2529 2482 καὶ
2550 2427 2612 2482 τὸ
2642 2429 2826 2498 χοῖκὺς
2853 2425 3014 2494 εἶναι,
3040 2426 3135 2483 τοῦ
3166 2425 3329 2494 εἶναι,
3364 2430 3460 2483 καὶ
3486 2428 3577 2482 τοῦ
3602 2429 3747 2491 θεὶος
3773 2430 3937 2496 γενέ-

2346 2519 2468 2573 σθαι
2488 2521 2744 2591 πάμπολυ
2773 2521 3126 2592 προετίμησε.
3153 2521 3310 2574 Πόλιν
3346 2522 3405 2574 δὲ
3429 2515 3562 2574 εἶναι
3595 2519 3808 2584 τούτου,
3830 2521 3936 2588 τὴν

2343 2611 2621 2681 αἴσθησιν,
2654 2612 2686 2684 ἢ
2723 2613 2816 2665 τὸν
2872 2611 3148 2683 ὁρώμενον
3177 2631 3188 2639 ί
3212 2612 3416 2682 κόσμον
3447 2628 3461 2642 ⁸
3489 2606 3571 2674 οἷς
3598 2612 3936 2682 παραλόγως

2346 2703 2486 2757 κατὰ
2521 2703 2707 2772 σχέσιν
2762 2703 3274 2772 ὲπαναπαυόμενος,
3323 2703 3424 2770 τῆς
3475 2703 3762 2764 κατοικίας
3825 2703 3937 2770 τὴν

2347 2796 2639 2865 παροικίαν
2664 2795 2935 2865 ἠλλάξατο
2969 2811 2983 2824 ·
3025 2796 3162 2864 μήτε
3196 2795 3329 2846 Θεὸν
3371 2794 3730 2863 φοϐούμενος,
3783 2796 3936 2864 μήτε

2349 2887 2456 2957 μὴν
2490 2886 2776 2956 ἄνθρωπον
2803 2886 2895 2939 τὸν
2921 2886 3084 2940 αὑτὸν
3139 2885 3508 2956 γεγενημένον
3537 2885 3603 2937 δι’
3631 2886 3780 2952 ἡμᾶς
3839 2886 3937 2938 ἑν-

2343 2977 2679 3047 τρεπόμενος
2699 2993 2714 3007 ο
2747 2977 2810 3031 τὸ
2842 2977 2961 3046 μὲν,
2993 2977 3082 3031 διὰ
3107 2978 3206 3047 τὴν
3234 2977 3422 3031 ἄνοιαν
3447 2992 3460 3006 ·
3491 2975 3553 3028 τὸ
3589 2975 3666 3042 δὲ,
3697 2975 3784 3028 διὰ
3828 2976 3937 3046 τὴν

2345 3072 2787 3139 καταφρόνησινο
2824 3069 3040 3139 ἐκείνην
3093 3085 3155 3122 τε
3203 3069 3278 3138 μὴ
3337 3067 3750 3138 προορωμένην
3808 3067 3932 3119 τῶν

2345 3159 2630 3230 κριμάτων
2658 3159 2718 3212 τὸ
2755 3158 2984 3228 μέγεθος
3011 3173 3025 3188 ⁸
3063 3159 3159 3212 καὶ
3207 3159 3409 3228 ταυτην
3438 3159 3537 3210 οὐκ
3567 3157 3936 3228 εἰργομένην.

2347 3253 2412 3322 ἣν
2463 3251 2605 3314 τέως
2629 3253 2661 3322 ἡ
2689 3251 3000 3322 χρηστότης
3049 3250 3430 3320 προσμένουσα
3481 3241 3588 3324 τὴν,
3614 3249 3936 3319 μεταϐολὴν

662 3315 1096 3413 magnitudinem
1132 3340 1495 3412 judiciorum;
1529 3315 1621 3395 hic
1664 3315 1850 3394 autem
1881 3315 1966 3410 (id
1997 3351 2237 3396 estcon-

2346 3315 2815 3411 d'wc'rtl).si,';i;'v
2864 3315 3137 3412 βάσανον-⁸
3166 3315 3254 3406 αίς
3299 3342 3488 3395 ἑαυτὸν
3532 3315 3784 3404 αὔθαδῶς
3823 3315 3936 3394 πε-

662 3433 925 3504 temptas)
979 3449 1142 3504 quam
1197 3434 1465 3490 hactenus
1525 3431 1832 3503 benignitas
1881 3435 2239 3490 mutationem

661 3534 1006 3594 exspectans,
1037 3525 1278 3592 cohibet,
1323 3523 1727 3580 districtionem
1762 3540 2090 3596 poenamque
2134 3543 2242 3582 non

661 3626 874 3672 avertat
902 3635 914 3670 :
943 3616 1143 3686 quibus
1176 3627 1380 3675 temere
1416 3618 1813 3687 procacinsque
1843 3632 1964 3687 sese
1992 3619 2244 3681 inseruit,

665 3724 924 3764 concessa
955 3708 1032 3763 illi
1061 3708 1129 3762 ab
1160 3709 1421 3773 Auctore,
1457 3707 1523 3762 ad
1555 3722 1621 3764 ea
1651 3710 1956 3778 praestanda
1986 3724 2107 3778 quae
2134 3706 2251 3762 ί)Πί-

2349 3435 2615 3508 ριέπειρε,
2649 3439 2714 3506 τῇ
2740 3434 2999 3504 δεδομένῃ
3037 3433 3188 3504 παρὰ
3219 3433 3313 3488 τοῦ
3355 3433 3655 3498 κτίσαντος
3681 3436 3764 3496 είς
3796 3435 3930 3500 ἐξάο

2347 3543 2502 3580 νυσιν
2549 3527 2660 3579 τῶν
2718 3525 3069 3596 καθηκόντων
3109 3525 3440 3595 αὑτεξονσίῳ
3493 3528 3626 3595 τιμῇ
3660 3525 3815 3594 παρά
3857 3525 3925 3577 τὸ

2349 3620 2468 3672 δέον
2500 3615 2958 3690 ἀποχρησάμενος
2984 3635 3001 3651 ο
3050 3611 3144 3670 καὶ
3178 3619 3278 3672 τοῦ
3315 3617 3609 3686 νοουμένου
3656 3617 3717 3670 τὺ
3759 3616 3937 3684 φανὲν

2352 3709 2554 3778 ἀγαθον
2583 3711 2795 3780 κρίνας,
2825 3709 2853 3762 ὃ
2886 3710 2962 3780 μὴ
2999 3707 3156 3779 θέμις
3191 3705 3283 3780 ἦν,
3316 3707 3698 3779 αἱρετώτερον.

664 3803 734 3858 cii
761 3811 966 3866 essent,
999 3811 1197 3873 prseter
1217 3803 1308 3872 jus
1339 3817 1503 3857 omne
1531 3811 1794 3873 extraque
1823 3802 2082 3866 oﬂicium,
2109 3802 2321 3856 arbitrii
2385 3803 2556 3858 abusa
2583 3801 2884 3872 dignitate;
2959 3800 3218 3871 quodque
3277 3795 3425 3854 dictu
3462 3799 3637 3864 nefas,
3673 3812 3801 3854 cum
3828 3795 3937 3852 bo-

663 3910 796 3950 num
828 3909 1120 3964 apparens.
1155 3893 1207 3948 ei
1235 3892 1382 3962 quod
1415 3893 1613 3948 mentis
1641 3894 1801 3948 oculo
1835 3893 2136 3962 percipitur
2161 3893 2406 3962 vereque
2429 3900 2535 3956 est,
2563 3891 2974 3962 praoptaudum
3007 3891 3272 3945 duxisset.

735 3985 965 4042 Viduam
1001 3993 1186 4039 autem
1230 3984 1697 4054 interpellantem,
1731 3983 1967 4040 animam
2000 3992 2244 4038 utentem

665 4079 910 4142 ratione;
945 4077 1149 4147 quippe
1178 4091 1301 4145 quae
1329 4075 1396 4130 ad
1427 4084 1741 4130 sanctorum
1769 4091 1831 4130 ac
1857 4075 2242 4146 religiosorum

663 4184 894 4240 operum
917 4166 1161 4223 edendos
1190 4167 1422 4230 fructus,
1468 4167 1701 4232 ratione,
1727 4183 1848 4236 qua:
1873 4182 1972 4236 per
1991 4174 2244 4220 naturam

663 4259 808 4316 bona
831 4261 1082 4325 seminet,
1111 4260 1464 4314 destituatur.
1492 4258 1622 4324 Qua:
1645 4259 1924 4330 (videlicet
1949 4259 2109 4328 ratio)
2132 4271 2238 4313 una

665 4351 772 4409 hac
813 4354 965 4408 totali
1014 4353 1286 4422 plenaque
1329 4352 1383 4406 in
1419 4352 1590 4422 ipsam
1625 4351 1936 4406 dilectionis
1981 4351 2032 4404 vi
2077 4360 2242 4420 atque

664 4444 864 4501 affectu
912 4453 1191 4509 teneatur;
1223 4458 1326 4498 nec
1367 4451 1549 4497 tamen
1596 4441 1675 4496 illi
1723 4441 1942 4496 assidua
1987 4451 2238 4506 maneat,

2412 3984 2608 4054 ’Χήραν
2634 3982 2690 4036 δὲ
2723 3982 3038 4053 διοχλοῦσαν
3057 4023 3071 4046 ,
3094 3981 3192 4052 τὴν
3223 3981 3447 4052 λογικὴν
3500 3981 3699 4052 ψυχὴν,
3733 3981 3831 4035 ἀτε
3862 3983 3933 4056 δὴ

2349 4075 2485 4144 πρὸς
2515 4075 2886 4144 καρπογονίαν
2912 4065 3076 4144 ἱερῶν
3107 4074 3200 4126 καὶ
3227 4073 3392 4126 ὁσίων
3419 4073 3598 4142 ἔργων
3630 4074 3734 4127 οὐκ
3764 4057 3931 4143 ἔχου-

2348 4184 2446 4219 σαν
2472 4165 2565 4219 τὸν
2593 4165 2659 4219 τὰ
2685 4165 2824 4219 καλά
2861 4166 3000 4219 κατὰ
3032 4165 3192 4234 φύσιν
3223 4165 3516 4235 σπείροντα
3558 4164 3739 4234 λόγον.
3773 4167 3931 4237 Μόνη

2344 4261 2410 4329 τῇ
2448 4257 2586 4329 πρὸς
2647 4246 2818 4329 αὐτὴν
2855 4257 3012 4328 arma
3054 4249 3229 4328 ταύτῃ
3289 4261 3489 4328 στοργῇ
3535 4259 3629 4310 καὶ
3683 4258 3931 4312 διαθέσει

2347 4349 2718 4421 κρατούμενον
2752 4367 2766 4382 ο
2800 4341 2914 4402 ἀλλ’
2944 4351 3003 4402 οὺ
3040 4350 3414 4420 προσμένοντα
3449 4350 3537 4401 διά
3564 4351 3664 4418 τὴν
3689 4351 3933 4404 ἀπονευο

2350 4456 2456 4505 σιν,
2481 4436 2576 4496 καὶ
2597 4441 2696 4510 τὴν
2725 4441 3048 4512 αὐθαίρετον
3078 4442 3216 4513 πρὸς
3254 4441 3322 4494 τὰ
3352 4441 3477 4511 τῇδε
3516 4441 3711 4510 ῥοπήν.

663 4535 872 4594 ideirco
892 4535 1154 4590 nimirum
1176 4533 1323 4604 quod
1346 4534 1461 4588 haec
1486 4533 1563 4588 illi
1591 4545 1875 4588 assensum
1902 4533 2116 4593 abnuit,
2153 4532 2450 4602 liberaeque
2477 4531 2776 4587 voluntatis
2794 4531 3176 4586 incitationem
3216 4531 3285 4585 ad
3312 4539 3528 4586 terrena
3556 4532 3852 4587 convertit.

739 4649 873 4719 Ejus
907 4647 1282 4702 adversarium
1317 4646 1533 4716 (nempe
1563 4637 1782 4714 animae)
1816 4645 2029 4698 miserm
2061 4642 2245 4697 carnis
2277 4648 2320 4702 D

662 4746 944 4794 terrenum
972 4745 1084 4791 tum
1110 4747 1340 4800 motum,
1370 4743 1483 4789 lum
1527 4749 1748 4788 sensum
1785 4733 2238 4802 prudentiamque

664 4829 895 4898 accipio.
920 4843 1030 4898 quo
1052 4828 1252 4882 divina:
1276 4828 1330 4881 in
1359 4827 1517 4882 nobis
1543 4825 1796 4896 imaginis
1818 4826 2043 4903 ejusque
2063 4825 2240 4895 digni-

665 4921 793 4975 tatis
824 4919 1291 4989 pulehritudinem
1337 4919 1602 4988 polluere,
1647 4927 1810 4987 atque
1856 4918 2091 4970 nitorem
2137 4917 2240 4970 ob-

664 5027 906 5075 scurare,
955 5011 1179 5065 student
1219 5009 1416 5079 impuri
1454 5009 1762 5074 darmones;
1799 5017 1911 5062 tum
1956 5007 2237 5068 nimirum.

665 5118 790 5157 cum
857 5102 1018 5157 nobis
1068 5101 1295 5155 libidine
1355 5100 1864 5163 succumbentibus,
1925 5099 2238 5168 turpissima

664 5191 798 5246 vitia
820 5192 1222 5262 probrososque
1244 5189 1474 5244 allectus
1495 5188 1614 5243 dire
1636 5189 1939 5244 immittunt
1964 5207 1976 5242 :
2004 5204 2238 5259 quorum

667 5291 822 5338 reatu
851 5282 1057 5336 indicta
1085 5290 1296 5335 naturas
1323 5290 1378 5335 et
1408 5280 1600 5335 mortis
1627 5279 1924 5345 damnatio,
1957 5292 2082 5335 curn
2110 5281 2238 5346 vita,

667 5389 790 5445 qua:
813 5389 939 5428 vere
961 5381 1066 5436 est,
1091 5371 1160 5425 ab
1187 5372 1344 5426 initio
1368 5372 1472 5426 frui
1499 5371 1785 5426 noluisset.
1953 5442 1956 5445 _

739 5466 1130 5535 Sugillationes
1155 5473 1336 5517 autem
1379 5463 1656 5527 existimo,
1699 5463 2048 5517 conscientia:
2081 5462 2248 5516 tacito

669 5557 908 5628 quodam
955 5557 1196 5610 clamore
1239 5555 1582 5609 adhortantis
1630 5555 1888 5618 verbera,
1942 5553 2145 5623 quibus
2179 5569 2246 5607 ex

669 5649 852 5703 anima
875 5648 1368 5718 proficiscentibus,
1389 5647 1564 5717 iisque
1588 5647 1663 5700 illi
1685 5646 2242 5710 increbrescentihus,

668 5741 932 5816 paulatim
977 5738 1380 5812 quodammodo
1418 5739 1618 5794 inflecti
1669 5754 1732 5793 ac
1779 5737 2067 5791 mitescere
2117 5752 2247 5790 con-

671 5832 851 5888 r‘uevit
879 5833 1077 5889 mentis
1117 5832 1428 5897 austeritas,
1458 5832 1650 5901 visque
1692 5831 1785 5885 illa
1814 5829 1880 5883 ad
1908 5845 1972 5884 ea
1998 5845 2118 5899 qua:
2151 5831 2250 5884 ho-

2433 4643 2728 4695 Ἀντίδικον
2783 4642 2839 4694 δὲ
2905 4641 3132 4713 ταύτης,
3166 4640 3310 4711 φημὶ
3357 4634 3456 4709 τῆς
3507 4639 3710 4709 ψυχῆς,
3741 4640 3934 4708 τὸτῆς

2342 4733 2604 4804 δυστήνου
2639 4733 2838 4804 σαρκὸς
2868 4733 3054 4786 ἕνυλον
3084 4733 3292 4802 κίνημά
3319 4749 3378 4784 τε
3411 4732 3505 4784 καὶ
3530 4731 3796 4800 φρόνημα
3819 4771 3834 4791 ,
3862 4731 3932 4784 δι’

2343 4816 2402 4878 οἶδ
2434 4826 2531 4895 τῆς
2587 4827 2644 4878 ὲν
2689 4826 2821 4893 ἡμῖν
2854 4823 3003 4886 θείας
3050 4824 3257 4885 εἰκόνος
3303 4822 3396 4875 καὶ
3448 4820 3542 4873 τοῦ
3580 4827 3700 4872 κατ’
3749 4823 3932 4891 αὐτὴν

2343 4915 2670 4984 ἀξιώματος,
2692 4915 2752 4968 τό
2777 4931 2836 4967 τε
2864 4914 3059 4977 κάλλος
3103 4912 3497 4982 καταμολύνειν
3537 4913 3931 4978 σπουδάζουσι,

2346 5009 2440 5061 καὶ
2490 5008 2550 5060 τὸ
2601 5006 2819 5074 διαυγὲς
2865 5001 3150 5076 ἀμαυροῦν
3193 5005 3242 5055 οἱ
3287 5003 3588 5072 ἀκάθαρτοι
3642 5004 3931 5072 δαίμονες,

2345 5097 2606 5167 ὁπηνίκα.
2639 5095 2707 5148 δι’
2768 5095 2962 5166 ἡδονῆς
3017 5096 3439 5159 ὑποπίπτουσιν,
3503 5097 3933 5164 ἐπεισφρήσωτι

2345 5189 2535 5250 δεινῶς
2588 5189 2718 5257 ἡμῖν
2751 5188 2820 5240 τὰ
2859 5187 2960 5256 τῆς
2995 5187 3220 5257 ἀτιμίας
3269 5188 3432 5256 αἴσχη
3474 5188 3569 5238 καὶ
3628 5187 3784 5257 πάθη
3819 5205 3833 5218 ·
3865 5189 3934 5240 δι’

2347 5279 2382 5332 ἃ
2408 5281 2500 5333 καὶ
2550 5279 2580 5330 ὁ
2633 5279 2866 5341 θάνατος
2913 5277 3211 5349 κατεκρίθη
3246 5278 3342 5347 τῆς
3377 5273 3616 5347 φύσεως,
3651 5280 3755 5348 οὐχ
3812 5281 3933 5332 ἑλο-

2351 5371 2517 5442 μένης
2545 5371 2604 5424 τὸ
2637 5371 2891 5441 ἅπαρχῆς
2929 5369 3030 5439 τῆς
3080 5369 3249 5432 ὄντως
3285 5369 3702 5439 κατατρνφῆσαι
3754 5371 3925 5440 ζωῆς.

2425 5463 2855 5532 ’Υπωπιασμοὺς
2900 5462 2956 5513 δὲ
3013 5461 3140 5524 τοὺς
3183 5462 3245 5512 ὲκ
3275 5460 3375 5529 τῆς
3405 5460 3772 5531 συνειδήσεως
3811 5461 3931 5531 μεθ’

2347 5554 2750 5625 ὑποςωνήσεώς
2804 5570 2946 5612 τινος
2992 5552 3440 5624 παρακλητικοὺς
3493 5553 3820 5622 αἰκισμοὺς,
3849 5548 3931 5613 οἷς

2348 5643 2782 5714 προτεινομένοις
2836 5644 2900 5696 ὲκ
2943 5642 3044 5712 τῆς
3096 5641 3309 5712 ψυχῆς,
3343 5641 3527 5712 ἠρέμα
3567 5659 3686 5705 πως
3732 5643 3930 5696 εἴωθεν

2348 5737 2697 5805 κάμπτεσθαι
2723 5735 2784 5789 τὸ
2807 5733 3094 5806 αὐστηρὸν·
3111 5734 3207 5787 τοῦ
3242 5734 3527 5804 λογισμοῦ,
3557 5735 3651 5786 καὶ
3683 5735 3827 5804 πρὸς
3859 5735 3928 5786 τὰ

2359 5829 2498 5882 καλά
2526 5829 2616 5884 διὲ
2648 5829 2746 5901 τὴν
2774 5828 3138 5900 χρονιωτέραν
3187 5826 3301 5894 ’έξιν
3347 5825 3704 5893 ἀνύπεικτον,
3731 5826 3801 5880 οὐ
3831 5825 3927 5894 φέ-
