4184 6436
237 405 364 475 1397

1211 414 1700 489 QUASSTIONES
1738 418 1838 475 AD
1876 417 2463 480 THEOPEMPTUM.

3331 426 3466 490 1398

237 544 418 597 ροντος
454 526 871 596 ἐνδομυχοῦσαν,
903 528 994 579 καὶ
1036 521 1147 581 οἷον
1194 530 1510 592 αίκίξουσάν
1547 548 1603 582 τε
1642 547 1792 582 συνε-

1914 540 2051 586 icsta
2076 542 2203 587 sunt
2231 548 2295 586 ac
2320 531 2483 587 ollleii
2515 533 2856 599 obduratior,
2884 548 3005 603 quae
3034 550 3101 590 ex
3128 535 3474 593 diuturniora

234 620 343 689 χῶς
375 619 464 671 καὶ
485 619 800 688 διοχλοῦσαν
830 619 925 689 τὴν
952 619 1179 688 βάσανον
1212 638 1223 649 ·
1250 620 1353 681 ἕως
1392 620 1698 690 λυμῄνηται
1729 620 1795 673 τὰ

232 711 330 779 τὴν
381 709 561 779 ψυχὴν
605 710 977 780 λυμαινόμενα
1014 711 1184 779 πάθη,
1223 712 1288 765 δι’
1322 713 1673 781 ἐγκρατείας,
1704 714 1798 765 καὶ

231 802 329 869 τῆς
360 802 496 871 πρὸς
537 801 605 853 τὰ
640 802 774 870 μέλη
805 803 902 869 τῆς
939 803 1138 873 σαρκὸς
1171 805 1416 857 ἑκουσίου
1454 805 1793 875 νεκρὼσεως.

234 889 366 945 Εἶτα
406 893 499 945 καὶ
526 894 661 965 πρὸς
686 895 1002 963 ἀγχιστείαν
1033 896 1198 948 αὺτοί
1228 896 1319 949 τοῦ
1351 897 1507 965 λόγου
1541 899 1606 951 δι’
1642 899 1799 951 εὐσε-

232 984 408 1047 6είας,
447 986 539 1038 καὶ
574 987 672 1055 τῆς
706 986 831 1057 περὶ
878 987 943 1040 τά
980 988 1213 1059 κρείττω
1242 988 1573 1059 τελεωτέρας
1602 990 1801 1058 ἀγάγοι

232 1080 475 1149 σπουδῆς
500 1099 515 1112 ο
548 1078 628 1145 οἷς
658 1084 905 1150 φυσικῶς
941 1084 1378 1154 ἐνεργουμένοις,
1410 1083 1475 1135 τά
1497 1084 1674 1135 οἰκεῖα
1708 1084 1803 1134 καὶ

232 1173 480 1244 πατρικὰ
514 1193 584 1227 πα
598 1176 895 1244 ραϐάλλων,
936 1178 963 1230 ὁ
992 1177 1131 1247 ὑπὲρ
1158 1176 1342 1229 οὐσίαν
1371 1177 1461 1228 καὶ
1492 1174 1651 1243 φύσιν
1671 1173 1803 1236 Θεὸς

234 1266 444 1337 Κύριος
502 1268 659 1336 ἡμῶν
701 1264 911 1337 Ἰησοῦς
954 1268 1207 1337 Χριστὸς,
1257 1268 1318 1319 Ὀ
1344 1266 1398 1318 δὲ
1427 1267 1571 1331 Θεὸς
1602 1268 1674 1319 οὐ
1714 1264 1804 1333 μὴ

233 1358 493 1426 ποιήσῃ,
522 1360 679 1427 φησι,
720 1358 833 1426 τὴν
870 1357 1184 1424 ἐκδίκησιν
1207 1356 1389 1425 ὑμῶν,
1419 1357 1483 1408 δι’
1517 1354 1651 1424 ἐμοῦ
1679 1372 1810 1423 σαρ-

234 1450 523 1513 κωθέντος,
552 1452 643 1502 καὶ
676 1450 771 1520 τὴν
796 1451 888 1504 τοῦ
913 1451 1239 1520 καθαιρέτου
1264 1450 1361 1518 τῆς
1390 1448 1603 1517 φύσεως
1624 1464 1809 1500 ποιου-

235 1542 402 1609 μένου
445 1542 770 1609 καθαίρεσιν
798 1559 812 1607 ;

1899 620 2089 675 habitu
2118 622 2372 686 inolevit;
2418 622 2547 676 dum
2589 622 2680 676 illa
2709 624 2857 677 intus
2894 624 3071 679 latens
3109 638 3174 678 ac
3217 625 3474 679 continue

1898 714 2050 767 velut
2082 713 2359 783 flagellans
2407 715 2776 783 ingruensque
2814 716 3099 770 molestius
3142 726 3474 771 tormentum

1900 801 2045 857 ferre
2073 817 2182 856 non
2210 812 2388 871 potest
2414 821 2426 857 :
2453 802 2697 873 quandiu
2728 803 2985 857 nimirum
3012 806 3240 862 affectus
3264 822 3326 861 ac
3351 807 3477 860 libi-

1906 894 2083 959 dines,
2126 895 2359 948 animam
2396 896 2827 963 pessumdantes,
2858 912 2956 965 per
2989 899 3379 953 continentiam
3412 914 3478 954 ac

1907 994 2099 1054 sponte
2128 994 2460 1055 assumptum
2497 988 2871 1042 membrorum
2900 988 3079 1042 carnis
3104 989 3478 1045 mortificatio—

1908 1092 2067 1139 nem,
2116 1092 2224 1131 non
2272 1077 2734 1145 pessumdedcrit';
2781 1077 3089 1147 exindeque
3138 1078 3207 1131 ad
3253 1078 3477 1133 rationis

1910 1169 2081 1238 ipsius
2103 1170 2586 1233 necessitudinem,
2607 1171 2824 1239 pietatis
2850 1173 2999 1226 cultu
3032 1171 3477 1241 diligentiorique

1907 1274 2072 1328 opera
2095 1274 2223 1330 erga
2242 1276 2303 1314 ea
2330 1276 2451 1330 quae
2472 1260 2692 1314 virtutis
2712 1269 2859 1325 sunt,
2883 1261 3193 1331 provexerit
3218 1278 3231 1315 :
3253 1260 3476 1331 quibus,

1907 1351 2035 1404 dum
2068 1351 2149 1405 sic
2175 1360 2368 1405 natura
2400 1361 2745 1421 pnestantur,
2774 1368 2871 1406 sua
2901 1361 3235 1423 paternaque
3266 1352 3480 1407 assimi-

1908 1442 2047 1505 lans,
2077 1442 2170 1511 qui
2213 1442 2447 1495 essentia
2493 1450 2792 1511 naturaque
2822 1443 2966 1497 Deus
2994 1444 3255 1497 Dominus
3296 1452 3480 1497 noster

1906 1534 2065 1590 Jesus
2091 1534 2346 1589 Christus
2371 1537 2621 1605 superior
2648 1545 2751 1600 est,
2779 1536 2937 1599 Deus,
2967 1536 3165 1606 inquit,
3190 1537 3354 1606 638
3375 1551 3480 1588 non

233 1629 392 1695 faciet
415 1631 574 1682 uestri
596 1629 955 1682 vindictam“:
983 1644 1080 1697 per
1104 1640 1188 1681 me
1212 1626 1442 1691 scilicet,
1468 1625 1563 1697 qui
1620 1638 1842 1680 carnem
1879 1624 2290 1694 assumpserim,
2359 1633 2414 1679 et
2455 1625 2549 1695 qui
2589 1643 2713 1680 eum
2752 1626 3052 1691 destruam,
3097 1627 3189 1697 qui
3228 1636 3478 1683 naturam

232 1716 530 1772 destruxit.

310 1807 468 1861 Οὕτω
498 1807 596 1877 μὲν
624 1804 725 1861 οὖν
741 1809 809 1861 τὰ
845 1808 966 1879 περῖ
997 1807 1187 1862 τούτου
1222 1808 1494 1878 διεξῆλθον
1526 1807 1802 1877 ἐπιτόμως

1973 1804 2172 1875 Sicque
2221 1806 2358 1862 adeo
2399 1824 2521 1877 quae
2565 1808 2673 1863 huc
2720 1818 2966 1877 spectant
3010 1812 3114 1865 sub
3156 1812 3482 1881 compendio

234 1896 371 1963 ἐγὼ,
416 1897 539 1949 καθ’
564 1899 686 1950 ὅσον
738 1899 797 1950 τὸ
842 1898 1122 1970 ἐγχωροῦν
1190 1900 1291 1970 τῆς
1328 1899 1566 1962 διανοίας
1611 1900 1809 1969 μέτρον

235 1990 551 2059 ἐπήρκεσεν
586 2007 599 2021 ο
627 1992 674 2043 εί
700 1992 791 2045 καὶ
821 1991 997 2054 ἄλλως
1032 1992 1182 2046 ἄλλοι
1212 1991 1301 2045 τὸν
1339 1993 1502 2045 τόπον
1536 1992 1807 2060 κατανοήο

236 2094 435 2143 σαντες
466 2099 479 2111 ·
512 2084 561 2133 οἱ
616 2084 714 2150 μὲν
770 2085 849 2144 είς
888 2084 1124 2154 Χριστόν
1158 2101 1170 2114 ⁸
1198 2085 1247 2135 οἱ
1287 2084 1342 2137 δὲ
1375 2083 1699 2153 τοῦμπαλιν,
1731 2084 1809 2145 είς

234 2171 334 2222 τὸν
376 2155 747 2241 ’Ᾰντίχριστον
795 2173 1133 2244 ἐξειλήφασι.
1169 2176 1297 2237 Δέος
1353 2163 1409 2226 δέ
1444 2192 1535 2243 μοι
1577 2176 1739 2238 νοεῖν,
1773 2173 1806 2242 ἢ

234 2259 425 2327 λέγειν
470 2262 706 2333 ἑκάτερα
737 2278 751 2293 ⁸
792 2263 852 2317 τὸ
909 2266 1027 2334 μὲν,
1058 2265 1134 2329 ὡς
1188 2264 1518 2335 ἀσύγκριτον
1555 2282 1567 2294 '
1594 2264 1655 2317 οὗ
1703 2264 1811 2335 γὰρ

242 2350 416 2419 μείων
477 2352 575 2421 μὲν
630 2353 756 2405 Υἱοῦ
785 2371 799 2384 '
838 2354 1039 2424 μείζων
1092 2356 1149 2409 δὲ
1177 2355 1412 2423 Πατρὸς,
1507 2355 1807 2422 ἐκδίκησις·

236 2439 277 2511 ἥ
322 2443 383 2493 ἰι’
415 2442 600 2509 ἄλλου,
632 2448 724 2498 καὶ
767 2446 901 2517 άλλη
952 2446 1013 2500 τὸ
1064 2447 1303 2514 σύνολον,
1341 2445 1477 2517 πλὴν
1516 2445 1610 2499 τοῦ
1659 2444 1811 2497 Υἱοῦ.

241 2533 359 2584 Καὶ
396 2533 513 2598 πῶς
546 2535 637 2587 ἐπὶ
667 2536 762 2603 τῆς
803 2537 973 2608 αὐτῆς
1009 2539 1376 2610 συγκριτικῶς
1424 2554 1575 2609 φησι,
1611 2538 1703 2599 τὸ,
1753 2538 1815 2590 '0

238 2622 318 2676 δὲ
341 2625 503 2690 Θεὸς,
527 2627 712 2695 φησὶν,
754 2631 825 2683 οὺ
856 2633 1098 2697 ποιήσει
1128 2630 1242 2699 τὴν
1267 2632 1585 2698 ἐκδίκησιν
1608 2630 1773 2699 ὑμῶν
1795 2645 1813 2693 ;

234 2715 325 2767 Οὐ
361 2715 470 2784 γὰρ
503 2716 613 2787 ἔχει
659 2719 844 2789 χώραν
869 2736 881 2751 ο
918 2721 1236 2792 ἢδιάφορος
1277 2722 1495 2785 πάντως
1532 2722 1813 2792 δειχθήσε-

242 2825 377 2871 ται,
423 2811 515 2861 καὶ
570 2811 706 2878 μετὰ
753 2811 851 2881 τῆς
888 2813 1100 2881 φύσεως
1144 2814 1205 2867 οὐ
1251 2811 1556 2885 δυναμένης
1597 2813 1656 2868 τὸ
1702 2811 1816 2867 ἴσον

236 2898 384 2970 δρᾷν
408 2916 422 2930 ·
448 2901 538 2954 καὶ
565 2902 651 2955 διὰ
682 2902 838 2956 τοῦτο
887 2903 1105 2969 λοιπὸν,
1131 2906 1191 2959 οὐ
1227 2906 1668 2976 συντασσομένης
1701 2922 1714 2934 ⁸
1747 2907 1818 2960 εί-

244 2990 574 3061 κονιζούσης
604 2994 659 3046 δὲ
690 2994 872 3063 μόνον,
905 2996 980 3057 ὡς
1008 2996 1415 3067 ὑπερκειμένην
1435 3038 1450 3062 ,
1481 2997 1582 3066 τὴν
1616 2995 1817 3065 ὑπερέ-

246 3098 474 3152 χουσαν.
497 3084 567 3137 Τὸ
588 3084 665 3147 δὲ,
698 3086 774 3148 ὡς
802 3086 1121 3140 άνέκδεκτον
1160 3088 1252 3141 καὶ
1291 3089 1589 3159 ἀμήχανον,
1618 3088 1679 3141 τὸ
1717 3106 1816 3141 κα-

243 3174 343 3226 λὸν
392 3177 563 3229 ποιεῖν
604 3177 694 3229 τὸν
726 3178 925 3241 κακίας
970 3180 1195 3251 εὑρετὴν
1220 3182 1316 3233 καὶ
1348 3180 1665 3235 διδάσκαλον
1694 3197 1709 3210 ο
1736 3183 1817 3235 Οὐ

245 3266 361 3334 γὰρ
394 3266 663 3330 δύναται,
694 3272 847 3340 φησὶ,
876 3270 1127 3338 δένδρον
1162 3273 1400 3341 σαπρὸν
1422 3273 1688 3342 καρποὺς
1715 3291 1818 3326 κα-

243 3357 405 3423 Λοὺς
468 3361 696 3413 ποιεῖν·
729 3362 892 3414 καλὸν
943 3362 998 3415 δὲ
1042 3364 1073 3433 ἡ
1131 3364 1431 3433 ἐκδίκησις,
1465 3364 1558 3417 καὶ
1601 3364 1661 3417 τὸ
1720 3365 1819 3433 τὴν

236 3449 475 3517 ὖχλησιν
504 3452 859 3519 ἀφοσιοῦσθαι
889 3453 1117 3518 δεόντως
1155 3455 1249 3508 τοῦ
1300 3455 1771 3526 προσπελάζοντος
1803 3474 1816 3487 ’

245 3540 283 3611 ἢ
314 3542 487 3613 τούτῳ
512 3545 953 3614 παραϐάλλεσθαι
987 3548 1168 3617 τυχὸν,
1191 3546 1219 3599 ὂ
1246 3549 1318 3616 μὴ
1350 3547 1508 3617 θέμις
1528 3592 1540 3612 ,
1574 3548 1664 3600 τὸν
1706 3549 1819 3600 Πα-

243 3634 407 3704 τέρα,
442 3635 533 3687 καὶ
562 3636 741 3706 πάσης
770 3638 970 3707 ἀρετῆς
997 3640 1092 3691 καὶ
1125 3638 1271 3703 ζωῆς
1296 3638 1529 3709 χορηγὸν
1559 3636 1617 3702 ἐξ
1656 3639 1783 3691 Υίοῦ
1803 3680 1817 3703 ,

244 3727 348 3779 καὶ
385 3726 558 3778 ταῦτα
610 3728 931 3797 μονογενοῦς
957 3769 970 3791 ,
1001 3730 1092 3783 καὶ
1132 3732 1249 3785 ἴσου
1286 3736 1385 3803 τὴν
1418 3735 1578 3803 φύσιν
1603 3734 1696 3787 καὶ
1723 3734 1821 3803 τὴν

242 3819 587 3888 ἀγαθὸτητα.
622 3822 694 3874 Οὐ
728 3822 835 3890 γὰρ
865 3823 932 3875 τὰ
968 3824 1108 3876 καλὰ
1157 3824 1245 3878 διὰ
1264 3825 1373 3879 τῶν
1403 3827 1589 3880 κακῶν
1626 3826 1824 3897 μηνύε-

248 3912 378 3963 σθαι
435 3912 696 3979 πέουκεν,
739 3914 927 3984 ὥσπερ
960 3917 1079 3969 οὐδὲ
1121 3917 1209 3970 διὰ
1245 3920 1469 3981 σκότους
1520 3920 1579 3971 τὸ
1615 3920 1750 3986 φῶς,
1787 3921 1819 3990 ἢ

248 3998 488 4051 θανάτου
520 4002 629 4071 ζωή
661 4020 672 4031 ⁸
712 4006 805 4056 καὶ
856 4006 950 4058 τοῦ
997 4007 1262 4077 μηδαμῶς
1299 4009 1470 4073 ὄντος,
1505 4008 1566 4062 τὸ
1611 4010 1689 4063 δν.
1718 4012 1823 4064 Καὶ

246 4092 318 4144 οὐ
348 4091 488 4159 λέγω
530 4094 702 4146 ταῦτα
748 4096 881 4166 πρὸς
909 4098 1005 4165 τὴν
1032 4099 1255 4152 ἐκείνων
1286 4100 1542 4170 ἀθέτησιν
1578 4117 1593 4133 ·
1631 4101 1822 4171 ἔχομαι

248 4180 368 4250 γάρ
398 4183 486 4233 καὶ
512 4184 807 4254 ἀντέχομαι
842 4187 985 4256 ζωῆς
1023 4188 1182 4240 πλέον
1212 4227 1226 4252 ,
1257 4190 1357 4256 τῆς
1412 4190 1519 4242 τῶν
1569 4192 1825 4261 φαμένων

247 4270 605 4337 διδασκαλίας
629 4294 639 4304 ·
675 4276 809 4329 ἀλλὰ
838 4277 897 4330 τὸ
919 4281 1118 4332 οἰκεῖον
1154 4281 1376 4351 μέτριον
1399 4282 1466 4335 δι’
1499 4282 1673 4354 ἄκραν
1716 4284 1825 4336 δει-

249 4365 382 4417 λίαν
413 4366 859 4435 ἀσφαλιζόμενος.
893 4370 1001 4439 Τὴν
1031 4370 1087 4422 δὲ
1120 4371 1424 4438 ἀνάγνωσιν
1462 4372 1555 4425 τοῦ
1590 4374 1827 4427 ὑποπιά-

1908 1895 2182 1959 enarravi,
2213 1907 2479 1964 quantum
2528 1911 2627 1965 pro
2680 1896 2844 1949 animi
2891 1898 3110 1953 modulo
3155 1901 3370 1969 assequi
3411 1901 3482 1954 li-

1909 1984 2043 2049 cuit,
2074 1986 2178 2040 etsi
2221 1986 2314 2040 alii
2347 2002 2471 2040 eum
2505 1987 2687 2041 locum
2719 1988 2877 2043 aliter
2912 1989 3323 2053 intellexerunt;
3353 2007 3480 2059 par-

1912 2077 2120 2147 timque
2149 2078 2217 2132 dc
2260 2078 2501 2142 Christo,
2532 2080 2732 2148 partim
2779 2090 2970 2134 contra
3013 2081 3082 2135 de
3125 2082 3479 2148 Antichristo,

1910 2170 2164 2224 nonnulli
2201 2180 2593 2239 exposuerunt.
2626 2170 2807 2225 Metuo
2840 2178 3015 2226 tamen
3053 2189 3116 2227 ac
3147 2175 3481 2241 absterreor,

1911 2277 1981 2315 ne
2028 2262 2301 2316 utrumvis
2348 2273 2443 2316 aut
2491 2263 2808 2333 intelligam,
2858 2273 2952 2318 aut
2997 2265 3173 2318 dicam
3206 2286 3219 2320 :
3252 2268 3481 2322 alterum

1912 2354 2157 2423 quidem,
2180 2354 2326 2424 quod
2346 2369 2562 2408 omnem
2601 2365 2821 2423 respuat
2854 2358 3344 2425 comparationem;
3374 2375 3483 2414 non

1913 2446 2060 2500 enim
2092 2445 2271 2500 minor
2312 2446 2533 2515 quidem
2564 2446 2708 2511 Filii,
2746 2450 2918 2518 major
2945 2459 3130 2504 autem
3165 2450 3339 2506 Patris
3362 2454 3484 2507 vin-

1914 2537 2058 2592 dicta
2090 2546 2199 2604 est;
2234 2547 2328 2593 aut
2357 2556 2455 2609 per
2484 2540 2671 2603 alium,
2705 2549 2865 2610 atque
2898 2543 3000 2596 alia
3045 2559 3291 2613 prorsus,
3321 2561 3484 2615 quam

1915 2627 2059 2692 Filii,
2096 2636 2191 2683 aut
2226 2645 2324 2698 per
2354 2629 2572 2685 Filium.
2603 2629 2846 2696 Quanam
2872 2647 3000 2686 vero
3030 2633 3261 2694 ratione,
3294 2634 3484 2688 eadem

1915 2735 2039 2773 cum
2065 2720 2155 2784 sit,
2183 2722 2337 2790 quasi
2362 2736 2458 2790 per
2484 2722 2947 2793 comparationem
2970 2723 3123 2787 dicit,
3150 2723 3285 2778 Deus
3312 2734 3488 2779 autem

1917 2828 2021 2865 non
2052 2813 2205 2882 faciet
2229 2814 2514 2867 vindictam
2539 2817 2694 2869 vestri
2715 2816 2739 2869 ?
2760 2815 2877 2870 Non
2909 2816 3057 2870 enim
3089 2815 3253 2871 habet
3280 2817 3487 2880 locum,

1917 2915 2013 2961 aut
2040 2905 2263 2960 omnino
2289 2907 2539 2962 diversus
2568 2906 2986 2973 monstrabitur,
3020 2923 3193 2977 eaque
3226 2908 3489 2978 praeditus

1917 3004 2134 3060 natura,
2169 3012 2290 3067 quae
2340 2997 2484 3052 idem
2532 3007 2789 3068 prrestare
2836 3016 2944 3054 non
2992 3001 3207 3070 possit:
3259 3017 3490 3071 quaeque

1918 3088 2057 3142 adeo
2084 3088 2329 3159 ejusdem
2361 3090 2584 3144 minime
2608 3092 2826 3145 ordinis
2859 3092 2961 3157 sit;
2998 3092 3093 3147 scd
3132 3108 3253 3162 quae
3280 3093 3488 3147 solum-

1919 3178 2082 3232 modo
2136 3188 2395 3248 tanquam
2446 3180 2777 3235 eminentem
2831 3182 3124 3235 simulacro
3170 3181 3370 3236 referat
3425 3199 3489 3237 ac

1921 3277 2295 3339 repraesentet,
2317 3287 2435 3326 eam
2457 3288 2577 3340 qua:
2597 3272 2878 3341 praecellit.
2902 3273 3146 3327 Alterum
3169 3289 3320 3336 vero,
3342 3275 3489 3342 quod

1920 3359 2074 3412 nullo
2114 3360 2275 3413 modo
2321 3360 2717 3416 admittendum
2765 3363 2856 3425 sit,
2905 3378 3082 3433 neque
3116 3378 3206 3418 res
3233 3364 3395 3429 ferat,
3430 3374 3492 3420 ut

1921 3457 2112 3505 auctor
2136 3450 2357 3504 malitiae
2388 3461 2443 3505 et
2475 3452 2729 3506 inventor
2760 3452 3080 3522 doctorque,
3114 3454 3313 3507 bonum
3350 3470 3492 3523 pree-

1921 3549 2065 3595 stare
2101 3540 2447 3595 existimetur
2487 3561 2499 3594 :
2543 3542 2657 3596 Non
2692 3545 2852 3604 enim.
2898 3544 3097 3614 inquit,
3135 3554 3297 3615 potest
3335 3546 3493 3599 arbor

1922 3633 2066 3688 mala
2096 3635 2295 3703 fructus
2324 3635 2480 3688 bonos
2511 3636 2683 3704 facere
2711 3637 2760 3701 ⁶;
2791 3636 3027 3691 vindicta
3061 3648 3243 3691 autem
3287 3638 3492 3692 bonum

1921 3734 2025 3790 est,
2067 3727 2322 3796 justeque
2354 3718 2578 3782 munere
2625 3745 2720 3783 seu
2760 3729 3061 3793 functione,
3092 3728 3494 3799 interpellantis

1924 3818 2228 3872 molestiam
2272 3819 2540 3873 redimere
2575 3835 2638 3874 ac
2672 3819 2964 3889 depcilerc.
2993 3822 3100 3875 Aut
3126 3821 3264 3875 forte
3296 3832 3355 3875 ut
3379 3823 3492 3876 An-

1924 3909 2173 3963 tichristo
2209 3910 2373 3979 (quod
2422 3910 2594 3982 nefas)
2635 3912 2850 3966 Patrem
2888 3913 3120 3967 similem
3163 3929 3492 3980 asseramus,

1923 4017 2022 4071 per
2052 4002 2272 4066 Filium,
2319 4002 2483 4072 idque
2534 4003 2875 4074 unigenitum
2923 4006 3151 4073 parique
3204 4013 3398 4059 natura
3431 4020 3496 4059 ac

1924 4093 2190 4159 bonitate,
2214 4093 2433 4149 virtutis
2459 4095 2637 4149 omnis
2658 4111 2722 4149 ac
2742 4096 3184 4151 vitzeauctorem.
3206 4096 3324 4150 Non
3348 4098 3494 4151 enim

1925 4192 2121 4239 natura
2150 4196 2542 4254 comparatum,
2565 4195 2625 4239 ut
2649 4187 2789 4240 bona
2820 4195 2874 4241 et
2896 4186 3144 4252 honesta,
3164 4201 3355 4241 eorum
3376 4202 3497 4257 quae

1926 4278 2066 4331 mala
2097 4286 2245 4341 sunt,
2274 4285 2401 4347 typo
2428 4278 2814 4347 designentur;
2844 4278 2989 4331 sicut
3016 4294 3191 4345 neque
3216 4287 3277 4332 ut
3311 4279 3495 4333 lumen

1928 4384 2025 4438 per
2059 4369 2334 4433 tenebras,
2358 4385 2423 4423 ac
2448 4385 2543 4439 per
2564 4378 2797 4424 mortem
2823 4370 2959 4435 vita;
2985 4385 3052 4423 eo
3080 4370 3317 4440 denique
3350 4371 3496 4441 quod

250 4455 377 4517 ζειν
405 4456 707 4517 κανονίζειν
760 4458 820 4510 οὐ
871 4459 1079 4528 πρέπον
1109 4460 1251 4530 ἐμοὶ,
1283 4461 1372 4514 διὰ
1401 4464 1500 4533 τὴν
1533 4465 1591 4516 ἐν
1617 4464 1816 4530 τούτοις

1930 4460 2157 4515 minime
2181 4467 2286 4524 est,
2316 4460 2368 4514 id
2398 4459 2540 4530 quod
2572 4468 2656 4513 est
2679 4458 2962 4529 ﬁguretur.
2996 4459 3182 4529 Neque
3212 4460 3325 4514 bzee
3351 4459 3495 4521 dico,

247 4546 573 4617 ἀμαθίαν,ἢ
606 4551 714 4612 τοῖς
743 4550 1073 4621 ἠσκημένοις
1092 4555 1185 4606 καὶ
1210 4554 1410 4625 σπουδῇ
1441 4558 1826 4628 προελομένοις

247 4637 362 4706 τὴν
392 4640 704 4691 παίδευσιν
738 4641 787 4694 οἳ
823 4642 1027 4709 ταύτην
1078 4644 1314 4713 ὀφείλειν
1365 4648 1499 4716 φασὶ
1547 4652 1826 4715 κανονίξε-

253 4729 389 4783 σθαι
446 4729 749 4799 βαρυτόνως
811 4732 1095 4803 μᾶλλον,ἢ
1153 4734 1604 4805 περισπωμένως,
1632 4739 1713 4791 ὅτι
1770 4741 1828 4793 τέ

250 4837 395 4889 φασι
422 4822 528 4874 τῶν
560 4824 822 4893 ῥημάτων
847 4825 997 4876 οὐδὲν
1029 4828 1385 4895 περισπᾶται,
1418 4827 1556 4898 πλὴν
1581 4830 1628 4881 εἰ
1663 4829 1737 4900 μὴ
1758 4830 1826 4885 ὲκ

260 4916 630 4984 συναιρέσεως
686 4914 981 4984 βαρυτόνου
1041 4915 1394 4986 καθέστηκεν,
1445 4918 1519 4981 ὠς
1574 4920 1824 4985 τὸ,νοῶ,

252 5005 359 5059 καὶ
426 5006 596 5068 ποιῶ,
652 5007 744 5060 καὶ
806 5006 1013 5077 χρυσῶ,
1092 5008 1185 5062 καὶ
1244 5008 1345 5061 ὅσα
1406 5009 1670 5075 τοιαῦτα,
1724 5027 1828 5080 φυ-

248 5098 533 5151 λάσσοντα
596 5099 691 5151 καὶ
755 5101 891 5153 μετὰ
953 5100 1263 5170 προθέσεως
1303 5101 1428 5154 ’ἐπὶ
1498 5102 1597 5171 τῆς
1659 5101 1831 5171 αὐτῆς

249 5191 356 5244 τὸν
384 5191 555 5245 τόνον.

1925 4561 1987 4607 ιιι
2021 4554 2155 4607 viris
2195 4553 2511 4618 detraham;
2553 4568 2676 4606 eum
2716 4568 2904 4606 eorum
2943 4551 3037 4622 qui
3076 4551 3352 4615 dixerunt,
3404 4551 3503 4605 dc-

1923 4647 2179 4713 ctrinam,
2215 4647 2330 4715 ipsa
2359 4646 2665 4700 cliarinrcm
2704 4645 2813 4699 vita
2840 4645 3089 4710 habeam,
3124 4645 3218 4699 sed
3264 4652 3324 4698 ut
3366 4660 3499 4698 mere

1926 4742 2044 4810 ipse
2073 4739 2327 4794 tenuitati
2361 4755 2475 4807 pra:
2503 4752 2713 4792 summa
2750 4736 3043 4791 formidine
3069 4751 3309 4791 caveam.
3340 4736 3500 4790 Vocis

1934 4840 2116 4885 autem
2153 4829 2492 4893 ὑπωπιάζειν
2532 4836 2787 4883 accentus
2818 4828 3086 4883 rationem
3122 4827 3360 4889 tradere,
3391 4842 3500 4881 non

1934 4931 2044 4976 tam
2072 4936 2315 4975 mearum
2354 4920 2423 4973 sit
2458 4921 2718 4988 partium,
2750 4920 2821 4974 ob
2856 4934 3123 4973 summam
3164 4918 3231 4973 iis
3260 4920 3314 4972 in
3340 4918 3502 4972 rebus

1935 5010 2231 5075 inscitiam,
2266 5026 2427 5081 quam
2468 5010 2835 5075 eruditorum,
2876 5019 2933 5065 et
2966 5009 3059 5079 qui
3088 5008 3389 5077 disciplinis
3420 5022 3503 5062 sc-

1937 5104 2065 5157 dulo
2104 5104 2346 5158 animum
2375 5102 2762 5171 adiunxerunt.
2790 5102 2957 5157 Aiunt
2988 5103 3169 5170 itaque
3200 5100 3280 5155 sic
3311 5100 3503 5154 obser-

1940 5192 2198 5257 vandum,
2227 5202 2287 5246 ut
2315 5193 2468 5263 gravi
2498 5192 2681 5261 potius
2714 5201 2962 5257 accentu,
3005 5204 3166 5260 quam
3202 5189 3342 5244 flexo
3374 5203 3505 5258 pro-

253 5285 571 5341 nuntietur.
597 5287 816 5341 Nullum
840 5289 987 5342 enim
1010 5289 1241 5343 verbum
1262 5290 1454 5346 dicunt
1478 5290 1857 5356 circumﬂecti,
1897 5290 2004 5345 nisi
2037 5287 2182 5359 quod
2222 5303 2289 5343 ex
2330 5288 2479 5358 gravi
2516 5303 2612 5357 per
2651 5286 3078 5342 contractionem
3111 5284 3368 5341 effectum
3398 5284 3503 5354 sit;

256 5388 325 5431 ut
375 5385 501 5431 sunt
542 5377 646 5429 νοῶ
676 5377 847 5444 ποιῶ,
878 5381 1093 5449 χρυσῶ,
1130 5395 1193 5435 ac
1235 5382 1467 5446 similia,
1502 5397 1624 5453 quae
1666 5383 1831 5437 etiam
1870 5398 1993 5437 cum
2028 5380 2402 5452 prepositione
2428 5381 2483 5434 in
2509 5381 2697 5436 eadem
2724 5388 3271 5435 servantaccentum.

337 5469 452 5537 Τὴν
480 5469 678 5536 δεξιὰν,
707 5473 953 5539 σιαγόνα,
982 5472 1079 5543 τὴν
1105 5473 1285 5537 δεξιὰν
1318 5476 1517 5547 πρᾶξίν
1542 5494 1707 5546 φημι,
1732 5476 1827 5530 καὶ

254 5563 403 5630 ὅσην
435 5560 615 5625 ἔνθεος
674 5565 808 5633 ἡμῖν
858 5565 946 5619 διὰ
998 5565 1106 5618 τῶν
1154 5566 1382 5621 ἐντολῶν
1439 5569 1828 5637 συνιστάμενος

258 5654 386 5724 βίος
431 5655 849 5726 χαρακτηρίζει,
898 5658 1270 5730 ραπιζομὲνην
1311 5660 1413 5713 ὑπὸ
1452 5659 1546 5714 τοῦ
1586 5660 1825 5731 πονηροῦ

338 5810 360 5839 ⁸
390 5809 519 5865 Luc.
548 5827 693 5879 xvtn,
732 5813 783 5864 7.
863 5813 882 5843 ‘
910 5811 1096 5867 Matth.
1128 5829 1218 5877 vn,
1254 5815 1333 5870 l8.

2004 5475 2168 5547 639
2191 5476 2478 5528 Dexteram
2511 5475 2784 5528 maxillam
2810 5514 2824 5538 ,
2862 5472 3139 5528 dexteram
3176 5471 3299 5525 dico
3332 5469 3505 5524 actio.

1936 5583 2085 5631 nem,
2120 5576 2177 5620 et
2216 5582 2337 5636 quae
2384 5565 2557 5621 fauste
2589 5566 2771 5633 cedit;
2802 5580 3017 5620 omnem
3052 5563 3313 5632 denique,
3343 5575 3504 5631 quam

1933 5658 2119 5713 divina
2165 5658 2325 5714 nobis
2355 5658 2486 5723 vita,
2516 5657 2899 5713 mandatorum
2925 5656 3307 5712 observatione
3346 5651 3505 5720 fulta,
