4184 6436
205 400 222 463 l
235 398 326 465 £09

1358 388 1527 448 ALIA
1573 385 1669 444 EX
1708 381 1951 442 VATIC.
1996 379 2285 441 CAPiTA.

3312 374 3455 444 1410

198 512 315 563 ἄνευ
362 512 420 561 ἑν
465 506 693 578 καθαρῷ
730 508 913 578 χωρίῳ
942 505 1041 574 τῆς
1075 503 1241 573 εὐχῆς
1271 502 1330 555 οὐ
1360 501 1583 552 δύναται
1615 497 1767 566 γενέ-

1876 493 1993 545 sine
2018 508 2125 561 qua
2154 505 2331 553 mens,
2366 488 2419 539 in
2450 485 2655 539 mundo
2682 484 2949 540 orationis
2981 486 3101 539 loco
3132 501 3241 539 non
3276 500 3454 558 potest

198 600 310 652 σθαι
339 601 366 651 ὁ
395 594 540 661 νοῦς.

259 689 353 742 ἴδ’.
408 686 495 741 Ἑν
549 688 627 756 τῷ
680 687 1024 756 ἐλέγχεσθαι,
1058 685 1090 754 ἦ
1124 685 1339 754 σιωπᾷν
1373 683 1473 736 δεῖ.
1505 682 1537 751 ἢ
1572 683 1754 751 ὴπῗως

193 779 575 846 ἀπολογεῖσθαι
610 779 689 847 τῷ
728 778 1087 845 καταλέγοντι
1112 794 1124 807 ’
1159 777 1220 828 οὐ
1261 776 1349 829 διὰ
1400 775 1462 827 τὸ
1502 773 1767 851 συστῆσαι

197 871 261 922 τὰ
305 870 482 922 οἰκεῖα
536 869 628 919 τὸν
685 868 1077 941 ἐλεγχόμενον
1111 866 1199 918 διὰ
1252 865 1309 917 δὲ
1356 865 1414 916 τὸ
1466 864 1767 941 ἀναστῆσαι

193 961 577 1032 προσκόψαντα
604 963 754 1025 ἴσως,
784 961 875 1012 τὸν
896 962 952 1011 ἐν
980 958 1170 1028 ἀγνοίᾳ
1209 957 1517 1027 ἐλέγχοντα.

258 1143 351 1195 λε’.
405 1142 463 1194 '0
499 1138 578 1207 τῷ
630 1138 933 1208 λυπήσαντι
984 1140 1187 1201 ἀδίκως
1313 1137 1418 1207 πρὸ
1466 1135 1559 1187 τοῦ
1601 1152 1768 1213 προσ-

192 1234 450 1304 κληθῆναι
479 1233 570 1285 ὑπ’
600 1232 765 1286 αὑτοῦ
796 1232 1018 1293 εὐνοῶν,
1047 1231 1355 1300 ἑζημέωται
1398 1230 1508 1285 τῶν
1534 1228 1763 1295 ἀνηκόν-

190 1343 295 1379 των
314 1326 487 1377 οὐδέν.
534 1325 592 1375 '0
622 1324 680 1378 δὲ
738 1324 875 1393 μετὰ
928 1324 1027 1391 τὴν
1080 1320 1442 1392 πρόσκλησιν,
1471 1319 1573 1386 τῆς
1601 1320 1765 1392 εὐφο-

195 1417 312 1487 pia;
340 1416 399 1467 τὸ
428 1415 623 1484 ἥμισυ.
656 1413 942 1483 Κερδαίνει
969 1414 1025 1471 δὲ
1045 1413 1173 1464 ’ὅλον
1202 1412 1263 1463 τὸ
1286 1410 1762 1481 προκαταὸληθὶν,

191 1510 218 1560 6
248 1507 515 1576 μηδέποτε
542 1506 629 1558 διὰ
661 1505 840 1574 λύπην
871 1503 1297 1569 ἀποσυνάγωγος
1337 1501 1729 1571 εὑρισκόμενος
1749 1514 1764 1529 °

191 1598 513 1667 προστίθησι
546 1596 603 1649 δὲ
635 1598 730 1650 καὶ
777 1595 969 1665 μισθὸν
997 1596 1199 1658 ἐαυτῶ,
1236 1597 1266 1646 6
1296 1594 1358 1645 τὸ
1385 1588 1608 1663 σφάλμα
1631 1592 1767 1662 ,βάλ-

189 1686 295 1742 λων
324 1689 511 1740 ἐπάνω
548 1686 750 1747 ἑαυτοῦ
783 1687 841 1738 ὲν
872 1685 1055 1745 παντί.

254 1962 363 2026 λς’.
398 1962 537 2016 Οὔτε
567 1964 596 2016 6
634 1961 966 2032 ὑψηλόφρων
990 1960 1345 2029 ἐπιγινώσκει
1378 1956 1465 2014 οἷα
1514 1962 1581 2015 τὰ
1630 1964 1760 2015 εαυ-

188 2056 281 2113 τοῦ
324 2055 724 2125 ἐλαττώματα,
784 2054 910 2107 οὔτε
958 2056 987 2106 6
1039 2054 1424 2124 ταπεινόφρων
1484 2055 1550 2107 τὰ
1592 2056 1770 2106 οἰκεῖα.

190 2149 347 2202 καλά.
384 2148 662 2200 Καλύπτει
697 2149 829 2216 γὰρ,
849 2147 939 2199 τὸν
973 2148 1092 2217 μὲν,
1128 2127 1318 2214 ἄγνοια
1349 2146 1549 2217 φαύλη·
1576 2146 1666 2199 τὸν
1688 2147 1766 2211 δὲ,

191 2240 503 2309 θεάρεστος.

258 2329 357 2392 λζ’.
392 2330 432 2380 Τ
437 2332 517 2391 οἷς
548 2329 811 2397 ἰσοτίμοις
845 2330 873 2381 6
900 2329 1251 2399 ὑπερήφανος
1277 2335 1338 2387 ιν
1362 2329 1547 2391 καλοῖς
1588 2348 1768 2400 παρα-

190 2420 509 2491 μετρεῖσθαι
554 2423 614 2474 οὺ
660 2422 942 2491 βούλεται·
993 2424 1051 2475 ὲν
1092 2422 1149 2473 δὲ
1179 2426 1289 2484 τοῖς
1317 2422 1601 2484 ἐναντίοις,
1633 2421 1768 2492 πρὸς

190 2514 311 2573 τοὺς
337 2512 727 2585 ὑπερέχοντας,
767 2513 1002 2581 φορητὸν
1031 2511 1091 2563 τὸ
1127 2510 1322 2564 ἑαυτοῦ
1349 2512 1768 2583 παραϐαλλόμε-

187 2623 277 2659 νον
309 2607 524 2678 ἡγεῖται
560 2606 872 2676 ἐλάττωμα.

255 2698 359 2768 λη’.
402 2699 460 2751 ὐ
496 2698 596 2768 μιν
631 2698 799 2767 ψόγος
836 2698 1090 2775 στερρἀν·
1119 2699 1148 2749 6
1180 2698 1237 2751 δὲ
1273 2697 1516 2761 ἔπαινος,
1544 2698 1767 2760 ἔκλυτον

187 2798 287 2866 τὴν
555 2796 930 2867 ἀπεργάζεται
984 2795 1078 2854 καὶ
1120 2794 1469 2872 νωθροτέραν
1517 2796 1655 2865 πρὸς
1696 2795 1765 2847 τὰ

186 2886 351 2940 καλά.

258 2979 356 3034 λθ’.
404 2980 733 3042 ’Υπόστασις
771 2980 870 3049 μὲν
903 2979 1169 3041 πλούτου,
1200 2977 1421 3049 χρυσός·
1455 2978 1655 3046 ἀρετῆς
1690 2976 1763 3036 δὲ,

188 3073 539 3135 ταπείνωσις.
590 3072 676 3133 Ὠς
716 3068 805 3124 οὖν
834 3074 861 3123 ὁ
898 3071 1101 3140 χρυσοῦ
1158 3070 1383 3141 ἀπορῶν
1431 3070 1593 3138 πένης
1628 3069 1763 3128 ἐστὶ,

1872 599 2094 638 versari.
2974 637 2983 645 ,

1942 678 2030 732 54.
2068 678 2204 730 Dum
2239 674 2363 743 quis
2399 671 2856 742 reprehenditur,
2890 680 2984 724 aut
3016 680 3194 726 taceat
3229 686 3455 726 necesse

1870 781 1975 835 est,
2013 778 2107 824 aut
2145 767 2344 823 blande
2388 765 2667 836 sugillauti
2710 766 3027 819 excusando
3069 765 3397 833 respondeat
3438 782 3452 819 :

1872 880 1981 918 non
2011 873 2069 916 ut
2099 862 2143 915 is
2167 860 2261 929 qui
2295 858 2720 927 reprehenditur
2744 872 2841 911 sua
2868 866 3091 915 statuat.
3117 858 3210 923 sed
3240 868 3299 911 ut
3324 873 3455 911 eum

1870 954 1962 1023 qui
1993 954 2133 1007 forte
2166 950 2419 1011 offendit,
2448 965 2543 1018 per
2571 948 2939 1019 ignorantiam
2973 949 3454 1016 reprehendendo,

1869 1044 2064 1112 erigat.

1942 1135 2031 1189 55.
2055 1134 2158 1207 Qui
2184 1134 2233 1188 ei
2261 1132 2353 1202 qui
2385 1132 2581 1202 injuria
2611 1132 2766 1195 Itesit,
2792 1132 3109 1200 priusquam
3135 1132 3203 1185 ab
3226 1149 3293 1185 eo
3322 1132 3460 1186 iuvi-

1872 1238 2103 1287 taretur.
2128 1225 2524 1281 benevolentia:
2551 1226 2731 1278 sinum
2759 1225 2955 1297 aperit.
2975 1225 3097 1293 ejus
3122 1224 3266 1292 quod
3296 1223 3455 1277 ollicii

1864 1321 1941 1374 sit
1970 1320 2173 1373 nullam
2203 1319 2473 1389 jacturam
2504 1316 2655 1370 fecit.
2681 1316 2785 1381 Qui
2819 1332 2952 1369 vero
2986 1325 3273 1385 postquam
3312 1316 3457 1370 invi-

1876 1422 2021 1467 tatus
2069 1411 2272 1474 fuerit,
2322 1408 2601 1487 uberioris
2650 1406 2859 1460 fructus
2904 1407 3187 1461 dinmliam
3244 1416 3456 1477 partem

1870 1504 2073 1558 amisit.
2102 1504 2376 1556 Lucratur
2400 1510 2586 1554 autem
2612 1500 2883 1569 quidquid
2911 1500 3093 1553 fuerat
3114 1501 3460 1569 prosemina-

1871 1604 2008 1660 tum,
2042 1596 2136 1665 qui
2171 1610 2283 1663 pra:
2320 1593 2540 1647 tristitia
2578 1592 2857 1660 animique
2892 1608 3143 1654 raucore,
3176 1609 3455 1662 nunquam

1870 1688 2218 1757 przesentiam
2266 1685 2595 1740 subduxisse
2645 1686 2945 1763 inuenitur.
2987 1684 3091 1763 Sed
3139 1694 3196 1739 et
3244 1678 3457 1741 nterce-

1872 1780 1997 1833 dem
2037 1780 2143 1833 sibi
2178 1779 2519 1842 accumulat,
2547 1777 2642 1847 qui
2679 1778 2733 1831 in
2768 1762 3027 1831 omnibus
3062 1778 3115 1831 in
3147 1794 3205 1832 se
3239 1781 3455 1848 culpam

1874 1872 2075 1944 rejicit.

1935 1963 2100 2035 645
2146 1963 2233 2017 56.
2278 1963 2391 2016 Nec
2435 1961 2529 2030 qui
2579 1962 2725 2015 elato
2766 1969 2850 2015 est
2898 1962 3082 2015 animo
3125 1977 3255 2015 suos
3304 1962 3457 2017 novit

1868 2056 2137 2119 defectus,
2166 2055 2354 2125 quanti
2401 2054 2540 2119 sint;
2585 2069 2687 2108 nec
2727 2054 2820 2123 qui
2861 2054 3054 2106 humili
3098 2055 3455 2124 modesteque

1867 2164 2053 2209 sensu,
2083 2162 2181 2201 sua
2219 2147 2390 2211 bona;
2426 2146 2567 2200 celat
2596 2146 2741 2199 enim
2780 2154 2893 2199 tum
2931 2146 3083 2199 illum
3118 2147 3259 2200 mala
3297 2146 3456 2217 igno-

1869 2241 2067 2301 rantia,
2096 2249 2209 2293 tum
2240 2240 2389 2293 hunc
2414 2239 2526 2291 Deo
2554 2246 2796 2307 accepta.

1937 2332 2026 2385 57.
2061 2331 2345 2401 Superbus
2387 2331 2443 2383 in
2489 2329 2678 2392 bonis,
2711 2329 3018 2398 :equalibus
3061 2330 3317 2399 componi
3372 2345 3454 2384 re-

1869 2423 1992 2476 nuit
2037 2439 2049 2475 :
2097 2421 2151 2475 in
2197 2419 2497 2475 contrariis
2542 2434 2674 2473 vero
2716 2420 3019 2489 malisque,
3056 2435 3179 2473 cum
3226 2420 3455 2490 his‘qui

1871 2512 2197 2582 przeeellunt
2227 2510 2489 2565 collatum
2521 2509 2716 2562 vitium
2748 2523 2931 2574 suum,
2971 2508 3256 2563 tolerabile
3294 2527 3457 2587 prpr-

1867 2620 1961 2657 sus
1990 2602 2289 2665 existimat.

1944 2694 2033 2749 58.
2068 2692 2417 2764 Vituperium
2464 2692 2721 2762 quidem,
2756 2693 3045 2748 robustum
3090 2710 3153 2750 ac
3198 2695 3397 2750 fortem
3438 2711 3454 2749 :

1872 2788 1990 2841 laus
2019 2801 2172 2847 vero,
2205 2768 2446 2838 solutum
2492 2800 2555 2838 ac
2592 2786 2832 2850 mollem,
2862 2795 2915 2840 et
2953 2787 3019 2841 ad
3066 2804 3130 2842 ea
3170 2804 3293 2858 qua:
3329 2796 3459 2842 sunt

1869 2875 2031 2930 officii
2061 2891 2283 2946 segnem
2314 2875 2495 2929 reddit
2518 2875 2782 2929 animum.
2986 2872 2994 2883 ’

1937 2970 2025 3023 59.
2061 2969 2383 3022 Dlvitiarum
2413 2968 2633 3037 quidem
2669 2968 2997 3032 substantia,
3026 2985 3251 3036 aurum;
3281 2971 3448 3024 virtu-

1868 3063 1938 3119 tis
1969 3078 2132 3122 vero,
2167 3061 2470 3114 humilitas.
2503 3059 2976 3126 Quemadmodum
3012 3064 3177 3131 igitur
3206 3065 3298 3133 qui
3335 3065 3457 3118 auri

188 3163 294 3215 κᾶν
346 3163 420 3233 μὴ
466 3165 577 3225 τοῖς
614 3163 811 3225 ἔξωθεν
864 3166 1158 3232 φαίνηται·
1202 3160 1344 3214 οὕτω
1386 3159 1765 3223 ταπεινώσεως

1872 3155 2097 3226 penuria
2137 3155 2379 3216 laborat,
2413 3170 2622 3225 pauper
2650 3163 2765 3219 est,
2793 3157 3045 3224 quamvis
3079 3156 3164 3211 his
3197 3157 3290 3226 qui
3323 3157 3457 3211 foris

186 3257 340 3320 ἄνευ,
375 3256 627 3325 ἐνάρετος
665 3256 766 3315 οὐκ
804 3255 955 3315 ἔσται
991 3257 1019 3306 ὁ
1047 3253 1479 3330 ἀγωνιζόμενος.

262 3432 337 3497 μ’.
380 3426 596 3497 Χρυσοῦ
633 3426 777 3496 δίχα,
819 3424 1008 3499 ὥσπερ
1035 3422 1275 3492 ἔμπορος
1300 3421 1361 3473 οὐ
1392 3420 1636 3488 πέφυκεν
1667 3418 1766 3488 ιμ-

185 3534 379 3588 πορος,
434 3517 534 3570 κᾶν
582 3518 701 3569 λίαν
753 3517 886 3588 πρὸς
934 3516 1207 3584 ἐμπορίαν
1242 3514 1388 3565 ἐστὶν
1439 3514 1763 3583 ἐπιτήδειος·

183 3609 365 3671 οὕτως
409 3611 531 3663 οὐδὲ
566 3608 1071 3679 ταπεινοφροσύνης
1112 3608 1302 3677 χωρὶς,
1339 3609 1397 3657 ὲν
1440 3606 1766 3675 κατασχέσει

182 3704 296 3756 τῶν
332 3704 428 3771 τῆς
460 3703 661 3772 ἀρετῆς
713 3701 885 3770 ἡδέων
924 3699 1283 3768 εὑρεθήσεται
1339 3699 1367 3749 6
1405 3697 1763 3766 ἀσκούμενος,

183 3796 291 3851 κᾶν
325 3798 503 3865 πάντη
546 3798 612 3865 τῇ
655 3794 853 3848 ἑαυτοῦ
885 3793 1168 3861 νουνεχείᾳ
1196 3790 1399 3862 θαρρῇ.

262 3886 375 3960 μα’.
401 3889 480 3959 Τῇ
516 3884 985 3958 ταπεινοφροσύνῃ
1035 3886 1063 3937 6
1100 3882 1286 3945 ἀνιὼν,
1330 3880 1643 3953 κατώτερος
1670 3880 1766 3933 τοῦ

184 3980 389 4034 ἑαυτοῦ
442 3981 790 4051 φρονήματος
822 3978 1051 4051 γίνεται·
1078 3974 1352 4045 ἁνὼτερος
1378 3973 1457 4038 δὲ,
1493 3975 1521 4026 6
1551 3975 1766 4042 ἐκείνης

180 4076 381 4145 χωρὶς,
436 4073 493 4134 ὃς
531 4073 652 4125 οὐδὲ
689 4069 1161 4142 παραμετρεῖσθαι
1192 4071 1304 4131 τοῖς
1348 4066 1651 4136 ἐλαχίστοις
1691 4067 1766 4135 (g)

183 4165 459 4226 ἑκουσίοις
481 4165 752 4233 ἀνέχεται·
788 4165 877 4215 καὶ
906 4163 993 4215 διὰ
1022 4161 1180 4218 τοῦτο
1214 4162 1272 4213 ἐν
1305 4163 1424 4223 ταῖς
1461 4159 1767 4231 πρωτοκλι-

183 4254 336 4313 σίαις
378 4253 438 4303 τὸ
464 4253 708 4323 λυπηρὶν
741 4252 1133 4309 ἐπιδείκνυται.

261 4345 379 4415 μβ’.
412 4346 588 4398 Καλὸν
612 4346 691 4415 τῷ
727 4348 1005 4416 ἀγωνιστῇ
1052 4348 1271 4415 φρονεῖν
1310 4345 1407 4413 μὲν
1441 4346 1639 4416 ἥττονα
1672 4344 1769 4413 τῆς

178 4439 455 4511 ἐργασίας
508 4437 695 4504 αὑτοῦ,
732 4428 995 4509 πράττειν
1031 4440 1089 4491 δὲ
1131 4439 1415 4509 κρείττονα
1445 4439 1543 4507 τῆς
1568 4438 1769 4499 δειλίας

1869 3254 1998 3300 sunt
2027 3262 2089 3300 ac
2118 3247 2395 3299 extraneis
2426 3261 2537 3300 non
2563 3247 2849 3311 videatur;
2884 3250 2962 3301 sic
2991 3248 3109 3301 sine
3143 3247 3457 3305 humilitate

1868 3337 2085 3391 virtutls
2118 3337 2364 3407 palaestra
2397 3347 2616 3391 certans
2647 3337 2932 3392 studiosus
2956 3354 3065 3391 non
3095 3338 3223 3393 erit.

1938 3430 2025 3483 40.
2056 3429 2531 3495 Quemadmodum
2568 3440 2860 3494 mercator,
2892 3446 3055 3500 quem
3090 3446 3286 3486 aurum
3317 3432 3457 3487 deﬂ-

1868 3521 1998 3583 ciat,
2036 3536 2135 3574 nec
2178 3521 2222 3574 si
2264 3520 2423 3575 valde
2468 3520 2699 3577 idoneus
2739 3530 3061 3575 mercaturae
3104 3522 3197 3587 sit,
3231 3524 3459 3578 omnino

1867 3623 2139 3668 mercator
2172 3613 2401 3668 exsistat
2448 3630 2462 3666 :
2508 3614 2589 3668 sic
2631 3628 2735 3667 nec
2777 3628 3041 3667 exercens
3088 3612 3153 3667 ad
3196 3613 3456 3682 pietatem

1868 3708 1984 3761 sine
2027 3707 2351 3769 humilitate,
2370 3706 2591 3760 virtutis
2628 3706 2907 3759 fructuum
2952 3721 3175 3775 compos
3214 3721 3455 3775 unquam

1869 3799 2211 3862 invenietur,
2241 3798 2595 3867 quantumvis
2630 3798 2854 3851 omnino
2890 3812 3000 3851 sua:
3037 3797 3273 3851 solertia:
3306 3797 3457 3851 fidat.

1936 3890 2026 3941 Η.
2056 3887 2159 3954 Qui
2201 3904 2396 3942 sensus
2436 3888 2702 3942 modestia
2739 3903 2803 3941 ac
2837 3886 3147 3941 humilitate
3183 3887 3456 3948 ascendit,

1867 3996 2029 4033 sensu
2065 3996 2166 4033 suo
2198 3980 2465 4050 dejectior
2494 3980 2776 4046 redditur;
2810 3979 2901 4049 qui
2939 3994 3070 4032 vero
3106 3978 3313 4047 absque
3346 3979 3457 4043 illa,

1868 4072 2050 4134 altior,
2082 4087 2146 4126 ac
2176 4089 2277 4126 nec
2311 4072 2557 4126 minimis
2590 4072 2786 4126 lubens
2821 4072 3072 4141 componi
3108 4071 3256 4126 velit.
3290 4070 3453 4126 Hinc-

1867 4178 1975 4232 que
2022 4164 2158 4218 adeo
2208 4165 2298 4228 tit,
2333 4174 2393 4218 ut
2439 4165 2492 4219 in
2539 4164 2734 4233 primis
2776 4164 3129 4219 consessibus
3175 4162 3459 4232 tristitiam

1870 4254 2067 4324 prodat
2086 4253 2128 4306 ⁸.

1940 4346 2027 4400 42.
2078 4346 2306 4400 Praestat
2357 4346 2593 4416 pugilem
2639 4346 2865 4401 virtutis
2916 4347 3202 4416 palmstra,
3243 4346 3459 4402 minora

1870 4451 2062 4506 sapere
2090 4452 2251 4505 quam
2284 4452 2381 4506 pro
2408 4452 2509 4491 suo
2538 4453 2739 4506 opere;
2774 4437 2988 4507 potiora
3015 4454 3145 4491 vero
3167 4453 3331 4507 quam
3362 4454 3462 4505 pro

178 4529 380 4584 αὑτοῦ.
417 4530 571 4582 Οὕτω
610 4529 716 4598 γᾲρ
758 4529 823 4583 ἂν
870 4532 965 4581 καὶ
1009 4530 1316 4599 ἀνθρώποις
1344 4530 1640 4597 αἰδέσιμος,
1675 4529 1767 4580 καὶ

1872 4542 1967 4581 sua
1992 4525 2283 4582 formidine
2311 4542 2373 4581 ac
2398 4527 2613 4597 ignavia
2641 4544 2823 4596 agere.
2850 4528 2943 4583 Sic
2971 4530 3120 4589 enim
3150 4539 3260 4583 tum
3290 4529 3459 4582 homi-

177 4621 313 4693 Θεῷ
342 4621 605 4693 ἐργνὰπης
646 4622 962 4692 εὑρίσκεται
1002 4622 1515 4689 ἁνεποίσχυντος.

262 4812 381 4875 μγ’.
416 4805 484 4857 Ἢ
525 4803 927 4875 κατορθοῦσθαι
963 4802 1043 4856 δεῖ
1070 4802 1144 4874 (It)
1170 4800 1306 4871 πρὸς
1349 4800 1526 4864 πάσας
1556 4801 1655 4862 τὰς
1689 4800 1773 4854 ἑν-

257 4948 281 4981 ⁸
307 4946 445 5001 Luc.
482 4962 588 5011 xiv,
616 4946 670 5010 7;
696 4960 783 5007 xx,
821 4942 910 4998 46.
987 4942 1008 4974 ⁹
1034 4942 1055 4996 l
1080 4942 1224 4997 Tim.
1254 4957 1314 5004 ιι,
1347 4940 1437 4995 15.

260 5063 331 5134 (n
381 5061 445 5113 Ὀ
471 5058 561 5134 ⁸τῷ
593 5057 940 5134 λυπῆσαν-τι
968 5055 1211 5134 adhuc.
1237 5054 1474 5134 Coactus
1503 5069 1627 5134 sum
1653 5069 1775 5107 mu-

175 5124 485 5201 tat-equod
520 5129 849 5201 mendosum
884 5126 1112 5201 omnino
1155 5124 1488 5201 apparebat,
1516 5125 1778 5201 nulloque

174 5216 325 5274 apto
356 5196 533 5256 'sensu
581 5215 612 5252 a
656 5199 890 5274 Maximo
932 5197 1100 5274 scribi
1141 5203 1440 5274 po_tuerat_,_
1476 5196 1778 5274 λυπήσειν-τι

173 5264 442 5334 δίκαίως,
468 5278 523 5325 et
551 5270 847 5338 μετανοῶν·
873 5284 996 5322 cum
1018 5264 1223 5337 alioqui
1251 5264 1502 5338 expedita
1519 5265 1589 5319 sit
1614 5266 1781 5322 totius

173 5345 394 5414 capitis
426 5336 717 5414 sententia,
746 5339 866 5414 ipsa
893 5346 1104 5409 arguta,
1224 5352 1329 5414 qua
1359 5336 1576 5414 erudite
1606 5352 1776 5404 expo-

174 5406 409 5469 nu'ntur
436 5411 636 5482 gradus
660 5406 870 5464 ferendi
899 5406 1336 5482 au'tjremittendi‘
1366 5406 1623 5477 injurias;
1657 5423 1778 5482 quze

176 5500 336 5540 tunc
379 5477 593 5553 injuria:
639 5490 799 5543 sunt,
837 5497 960 5535 eum
1008 5480 1207 5550 injuste
1255 5477 1619 5553 inferuntur:
1665 5479 1784 5529 ἀντὶ

173 5556 287 5609 τοῦ
345 5549 642 5623 μετανοῶν,
672 5553 1016 5620 scripsissem
1066 5549 1399 5620 μετευνοὼν,
1428 5549 1481 5623 _si
1529 5549 1617 5623 illa
1651 5563 1784 5601 voce

175 5620 362 5680 usum
427 5624 663 5691 aliquem
731 5623 1018 5690 probatum
1081 5630 1361 5675 auctorem
1402 5620 1779 5691 invenissem;

172 5694 418 5763 Alioqui
469 5688 600 5745 vero
649 5688 750 5745 voi
801 5693 1031 5763 εὐνοῶν,
1077 5688 1780 5763 ἰρεοπιιοηηὶηουιῐιιηοᾳος

176 5758 611 5835 respexeritque
654 5763 707 5835 in
750 5779 813 5817 ea
852 5758 1137 5835 aluimus,
1172 5758 1304 5835 illud
1344 5759 1532 5835 Matth.
1568 5776 1619 5835 ν,
1653 5759 1723 5812 95
1767 5777 1777 5787 ·

179 5829 363 5890 ’.εἰσοι
394 5829 593 5889 εὐνοῶν
630 5834 706 5903 τῷ
739 5833 992 5903 ἀντιδίκῳ
1025 5849 1115 5884 σου
1149 5830 1303 5900 ταχύ’
1338 5829 1534 5884 Habeto
1567 5830 1781 5884 benevo-

1875 4617 2042 4671 nibus
2071 4618 2423 4679 venerabilis,
2460 4624 2572 4670 tum
2600 4618 2711 4671 Deo
2740 4620 3012 4688 operarius
3043 4621 3420 4690 iucoufusibilis
3441 4623 3463 4652 ’

1878 4708 2212 4762 invenietur.

1954 4800 2041 4855 ιδ.
2074 4805 2183 4858 Aut
2225 4802 2320 4857 Dei
2368 4802 2623 4863 mandata
2665 4804 2850 4868 omnia
2896 4804 3193 4875 adimpleat
3237 4823 3463 4866 necesse

1876 5058 2093 5111 (entiam
2126 5071 2243 5106 cum
2281 5056 2589 5111 adversario
2624 5066 2713 5111 tuo
2748 5059 2881 5121 cito,
2914 5057 2994 5112 uti
3032 5058 3215 5113 reddit
3249 5059 3460 5115 Erasm.

1876 5126 2161 5210 aegraeca
2198 5136 2425 5210 sonant;
2465 5138 2785 5210 spectatque
2824 5138 2877 5210 e_t
2920 5129 3173 5210 istudad
3215 5132 3458 5210 reconci-

1876 5199 2183 5259 liationem,
2216 5212 2323 5265 qua
2355 5199 2663 5262 studemus,
2695 5199 2913 5267 injuria.-
2944 5199 3123 5258 obliti.
3157 5216 3200 5253 ει
3236 5201 3369 5267 quid
3402 5218 3464 5255 ea

1878 5270 2003 5323 lzesa
2032 5268 2415 5322 benevolentia
2446 5279 2550 5331 est,
2576 5270 2783 5324 saniori
2812 5268 3045 5323 consilio
3074 5272 3356 5324 resarcire.

1966 5341 2040 5409 (g)
2072 5339 2579 5409 Παραμετρεῖσθαι
2604 5340 2727 5404 τοῖς
2748 5339 3114 5409 ἐλαχίστοις.
3140 5339 3263 5393 Haec
3287 5340 3455 5394 humi-

1884 5409 2054 5463 litatis
2092 5408 2357 5478 perfectio
2396 5418 2496 5471 est.
2528 5424 2589 5461 ac
2630 5408 2775 5478 quod
2820 5410 3085 5464 Dominus
3123 5411 3245 5464 aliis
3282 5411 3464 5465 verbis

1888 5477 2205 5540 admonuit,
2244 5479 2448 5546 juhens
2492 5477 2682 5533 sedere
2736 5479 2790 5531 in
2845 5481 3147 5533 novissimo
3198 5482 3355 5546 loco;
3410 5491 3463 5535 ut

1888 5566 2049 5603 nemo
2073 5549 2144 5602 sit
2169 5550 2312 5603 inter
2335 5549 2613 5611 minimos,
2637 5551 2796 5618 cujus
2822 5566 2924 5603 nos
2948 5550 3174 5603 modum
3200 5552 3465 5606 excedere

1887 5618 2487 5690 existimemus,Secus
2518 5620 2584 5673 de
2620 5620 2875 5690 superbis
2908 5621 2997 5685 57,
3029 5637 3131 5675 nec
3164 5621 3466 5690 aequalibus

1887 5692 1962 5744 ait
1997 5692 2129 5758 (τοῖς
2175 5689 2455 5757 ἰσοτίμοις)
2497 5690 2548 5744 in
2591 5691 2752 5745 bonis
2790 5689 2925 5745 velle
2972 5689 3467 5762 παραμετρεῖσθαι,

1885 5762 2123 5829 componi
2152 5769 2199 5812 et
2226 5764 2509 5829 cquuari.

1958 5832 2034 5901 (It)
2092 5832 2157 5885 Ἥ
2205 5831 2646 5898 κατορθοῦσθαι
2694 5831 2803 5887 δεῖ.
2846 5832 3025 5901 Caput
3073 5832 3215 5887 istud
3268 5846 3464 5889 novum
