4184 6436
215 409 232 472 l
244 409 334 473 409

1366 392 1535 458 ALIA
1580 394 1678 453 EX
1717 391 1959 451 VATlC.
2004 389 2293 449 CAPITA.

3320 384 3463 454 1410

208 521 323 571 ἄνευ
370 521 428 570 ἐν
473 515 701 587 καθαρῷ
738 516 921 587 χωρίῳ
951 514 1049 583 τῆς
1083 513 1250 582 εὐχῆς
1279 512 1339 564 οὐ
1369 511 1591 562 δύναται
1624 507 1775 575 γενέ·-

1884 503 2001 555 sine
2026 518 2133 571 qua
2163 514 2340 563 mens,
2374 497 2428 549 in
2458 495 2663 549 mundo
2691 494 2956 550 orationis
2989 496 3109 549 loco
3140 511 3250 549 non
3283 510 3462 569 potest

208 609 319 661 σθαι
347 610 374 660 ὁ
404 603 547 670 νοῦς.

269 698 361 751 λε’.
417 695 503 749 Ἐν
558 697 635 765 τῷ
688 696 1032 765 ἐλέγχεσθαι,
1066 694 1098 764 ἣ
1132 695 1347 764 σιωπᾷν
1382 693 1481 746 δεῖ.
1512 692 1545 761 ἢ
1580 692 1762 760 ἠπίως

204 788 583 854 ἀπολογεῖσθαι
619 787 697 856 τῷ
736 788 1133 855 καταλέγοντι·
1167 786 1228 838 οὐ
1269 786 1357 838 διὰ
1408 785 1471 836 τὸ
1510 782 1775 861 συστῆσαι

207 880 271 931 τὰ
314 879 491 931 οἰκεῖα
545 878 637 929 τὸν
693 877 1085 951 ἐλεγχόμενον·
1119 876 1207 928 διὰ
1260 874 1317 927 δὲ
1363 875 1422 925 τὺ
1475 874 1775 951 ἀναστῆσαι

203 970 585 1041 προσκόψαντα
612 972 763 1034 ἴσως,
792 971 883 1021 τὸν
904 971 961 1020 ἐν
988 967 1178 1038 ἀγνοίᾳ
1218 966 1525 1037 ἐλέγχοντα.

267 1152 360 1204 λε’.
414 1152 472 1203 Ὀ
508 1147 586 1216 τῷ
638 1148 941 1218 λυπήσαντι
992 1150 1195 1211 ἀδίκως
1224 1148 1289 1223 (ι’)
1321 1146 1426 1217 πρὸ
1474 1145 1567 1203 τοῦ
1609 1161 1776 1223 προσ-

203 1243 459 1314 κληθῆναι
488 1243 578 1295 ὑπ’
608 1242 773 1296 αὐτοί)
805 1241 1026 1303 εὐνοῶν,
1054 1240 1363 1310 ἑζημίωται
1405 1240 1516 1295 τῶν
1542 1238 1771 1305 ἀνηκόν-

200 1352 304 1388 των
322 1335 496 1387 οὐδέν.
542 1334 600 1385 ’0
631 1334 688 1389 δὲ
746 1333 883 1403 μετὰ
936 1333 1035 1401 τὴν
1088 1330 1451 1402 πρόσχλησιν,
1479 1329 1581 1396 τῆς
1609 1330 1774 1403 εὐφο-

205 1427 320 1496 ρίας
348 1426 406 1476 τὸ
437 1425 631 1493 ἥμισυ.
664 1423 951 1493 Κερδαίνει
978 1424 1034 1481 δὲ
1053 1423 1181 1474 Δὅλον
1210 1422 1271 1472 τὸ
1294 1420 1770 1491 προκαταῦληθὲν,

201 1519 227 1569 6
256 1516 523 1586 μηδέποτε
550 1516 638 1568 διὰ
670 1515 848 1583 λύπην
878 1512 1305 1579 ἀποσυνάγωγος
1344 1511 1737 1580 εὑρισκόμενος
1757 1525 1772 1539 ’

200 1607 521 1677 προστίθησι
554 1606 611 1659 δὲ
644 1608 738 1660 καὶ
785 1605 977 1675 μισθὸν
1006 1605 1206 1668 ἑαυτῶ,
1244 1606 1274 1656 6
1304 1604 1366 1656 τὸ
1392 1598 1616 1673 σφάλμα
1638 1603 1775 1672 ,βάλ-

198 1694 303 1751 λων
333 1699 520 1750 ἐπάνω
556 1695 758 1757 ἑαυτοῦ
792 1697 849 1748 ὲν
880 1694 1063 1756 παντί.

263 1970 372 2036 λς’.
406 1971 545 2025 Οὔτε
575 1974 605 2025 6
643 1970 973 2041 ὑψηλόφρων
999 1969 1353 2039 ἐπιγινώσκει
1385 1966 1473 2024 οἷα
1522 1972 1589 2025 τά
1638 1973 1768 2024 ἑαυ-

196 2064 291 2121 τοῦ
332 2064 732 2134 ἐλαττώματα,
793 2064 918 2116 οὔτε
966 2066 995 2115 6
1046 2064 1432 2133 ταπεινόφρων
1491 2065 1557 2116 τὰ
1599 2066 1778 2116 οἰκεῖα

198 2157 355 2210 καλά.
391 2156 670 2208 Καλύπτει
705 2158 837 2225 γὰρ,
857 2156 947 2208 τὸν
981 2158 1100 2225 μὲν,
1136 2136 1326 2223 ἀγνοιά
1357 2155 1557 2226 φαύλη·
1583 2155 1674 2208 τὸν
1696 2150 1774 2220 δὲ,

199 2249 511 2318 θεάρεστος.

267 2338 365 2400 λζ’.
400 2339 525 2400 Τοῖς
556 2338 819 2405 ἰσοτίμοις
853 2339 881 2389 6
908 2338 1259 2408 ὑπερήφανος
1284 2344 1346 2396 δν
1370 2338 1554 2401 καλοῖς
1595 2357 1775 2410 παρα-

199 2429 517 2498 μετρεῖσθαι
562 2431 622 2482 οὐ
669 2430 949 2500 βούλεται·
1001 2432 1059 2483 ὲν
1099 2431 1157 2482 δὲ
1187 2435 1297 2492 τοῖς
1324 2431 1609 2493 ἐναντίοις,
1640 2431 1775 2501 πρὸς

199 2522 319 2582 τοὺς
345 2521 735 2592 ὑπερέχοντας,
775 2521 1010 2589 φορητὸν
1039 2519 1099 2572 τὸ
1135 2519 1329 2573 ἑαυτοῦ
1357 2520 1776 2591 παραϐαλλόμε-

196 2631 286 2668 νον
317 2616 533 2688 ὴγεῖται
568 2615 879 2687 ἐλάττωμα.

264 2706 367 2776 λη’.
410 2708 468 2759 ὐ
504 2706 603 2777 μὲν
639 2706 807 2776 ψόγος
844 2706 1097 2785 στερρἀ·
1127 2708 1156 2758 6
1188 2708 1245 2759 δὲ
1280 2706 1524 2770 ἔπαινος,
1552 2707 1775 2768 ξκλυτον

196 2806 295 2875 τὴν
332 2804 513 2879 ψυχὴε·
563 2805 937 2875 ἀπεργάζεται
992 2804 1086 2862 καὶ
1128 2802 1477 2880 νωθροτέραν
1525 2804 1662 2874 πρὸς
1703 2804 1773 2863 τὰ

194 2895 359 2948 καλά.

265 2988 365 3042 λθ’.
411 2989 740 3050 ’Υπόστασις
779 2988 877 3057 μὲν
910 2988 1176 3049 πλούτου,
1208 2986 1429 3058 χρυσός·
1463 2986 1662 3055 ἀρετῆς
1698 2985 1771 3045 δὲ,

196 3082 546 3144 ταπείνωσις.
597 3081 684 3142 Ὠς
723 3077 812 3132 οὖν
840 3082 868 3132 6
906 3079 1108 3149 χρυσοῦ
1165 3078 1390 3149 ἀπορῶν
1439 3079 1601 3147 πένης
1636 3079 1770 3137 ἐστὶ,

1880 610 2102 647 versari.
2983 647 2991 656 ,

1950 688 2038 742 54.
2077 688 2212 740 Dum
2247 684 2371 753 quis
2408 681 2864 752 reprehenditur,
2899 690 2991 735 aut
3024 690 3202 736 taceat
3237 696 3464 736 necesse

1878 791 1983 845 est,
2021 788 2116 833 aut
2154 777 2352 832 blande
2396 775 2675 846 sugillanti
2718 775 3035 829 excusando
3077 775 3405 843 respondeat
3446 792 3460 830 :

1880 889 1989 927 non
2018 882 2078 926 ut
2107 872 2151 925 is
2176 870 2269 939 qui
2303 868 2728 937 reprehenditur
2752 883 2849 921 sua
2876 876 3099 925 statuat.
3125 868 3218 922 sed
3248 877 3307 921 ut
3332 883 3462 922 eum

1879 963 1970 1033 qui
2001 964 2141 1016 forte
2174 960 2427 1020 oﬂ‘endit,
2456 975 2551 1028 per
2579 958 2947 1031 ignorantiam
2980 959 3461 1026 reprehendendo,

1877 1054 2072 1122 erigat.

1950 1145 2038 1198 55.
2063 1143 2166 1209 Qui
2192 1144 2241 1198 ei
2269 1142 2361 1211 qui
2392 1142 2589 1211 injuria
2618 1142 2774 1205 ltesit,
2800 1142 3117 1210 priusquam
3143 1142 3211 1195 ab
3234 1158 3301 1195 eo
3330 1142 3467 1196 imi-

1880 1248 2111 1297 taretur,
2136 1235 2531 1290 benevolentia:
2559 1236 2739 1288 sinum
2767 1235 2962 1307 aperit,
2983 1235 3105 1303 ejus
3129 1234 3273 1302 quod
3304 1233 3463 1287 ollicii

1873 1330 1950 1384 sit
1977 1330 2181 1383 nullam
2210 1329 2481 1398 jacturam
2511 1326 2663 1380 fecit.
2689 1326 2793 1391 Qui
2827 1342 2959 1379 vero
2994 1335 3281 1394 postquam
3319 1326 3465 1380 invi-

1885 1432 2029 1477 tatus
2077 1421 2280 1483 fuerit,
2330 1419 2609 1497 uberioris
2657 1416 2867 1471 fruetus
2911 1417 3194 1471 dimidiam
3252 1427 3464 1487 partem

1878 1514 2081 1568 amisit.
2109 1513 2383 1567 Lucratur
2408 1519 2594 1564 autem
2620 1510 2890 1579 quidquid
2919 1509 3101 1563 fuerat
3121 1511 3467 1579 prosemina-

1878 1615 2016 1670 tum,
2050 1606 2144 1675 qui
2179 1620 2291 1674 pne
2327 1602 2548 1657 tristitia
2585 1602 2865 1670 animique
2900 1617 3150 1665 raneore,
3183 1618 3463 1672 nunquam

1877 1698 2226 1767 praesentiam
2274 1695 2602 1751 subduxisse
2652 1696 2952 1773 iuxeuitur.
2995 1694 3099 1773 Sed
3146 1704 3203 1749 et
3252 1688 3465 1751 mérce-

1880 1791 2005 1844 dem
2045 1790 2151 1844 sibi
2185 1789 2525 1853 accumulat,
2554 1787 2649 1857 qui
2686 1788 2740 1841 iu
2776 1771 3035 1841 omnibus
3062 1771 3123 1841 in
3155 1785 3213 1842 Se
3246 1792 3463 1858 culpam

1881 1882 2082 1955 rejicit.

1943 1973 2108 2045 645
2153 1974 2241 2027 56.
2286 1973 2398 2026 Nec
2442 1972 2535 2041 qui
2586 1972 2732 2025 elato
2773 1980 2856 2025 est
2905 1972 3089 2025 animo
3133 1988 3262 2025 suos
3311 1972 3465 2026 novit

1875 2066 2144 2129 defectus,
2174 2065 2361 2134 quanti
2408 2064 2547 2128 sint;
2591 2080 2694 2117 nec
2734 2064 2827 2133 qul
2868 2063 3061 2116 humili
3105 2064 3463 2134 modesteque

1875 2174 2061 2219 sensu,
2091 2172 2189 2211 sua
2226 2157 2398 2221 bona;
2434 2156 2574 2210 celat
2603 2156 2748 2209 enim
2787 2164 2900 2209 tum
2938 2156 3091 2209 illum
3126 2158 3267 2209 male
3304 2156 3463 2227 igno-

1876 2250 2073 2311 rantia,
2104 2258 2217 2303 tum
2247 2249 2395 2302 hunc
2422 2249 2533 2301 Deo
2561 2256 2803 2316 accepta.

1945 2342 2033 2395 '57.
2069 2341 2353 2410 Superbus
2394 2340 2449 2393 in
2496 2339 2685 2402 bonis,
2718 2339 3026 2408 :equalibus
3068 2340 3325 2409 componi
3380 2355 3461 2394 re-

1877 2432 1999 2485 nuit
2045 2449 2057 2483 :
2105 2431 2159 2484 in
2204 2428 2504 2485 contrariis
2548 2443 2681 2482 vero
2724 2430 3026 2499 malisque,
3063 2445 3187 2483 eum
3232 2430 3462 2500 bisqui

1879 2521 2204 2591 prmcellunt
2234 2519 2497 2573 collatum
2528 2518 2723 2572 vitium
2755 2532 2939 2584 suum,
2979 2518 3263 2573 tolerabile
3301 2536 3463 2597 prpr-

1874 2629 1969 2667 sus
1997 2612 2296 2674 existimat.

1951 2704 2041 2758 58.
2075 2701 2424 2782 Vituperium
2471 2702 2728 2771 quidem,
2764 2702 3053 2758 robustum
3097 2720 3161 2760 ac
3206 2705 3404 2759 fortem
3446 2720 3461 2759 :

1880 2796 1997 2849 laus
2027 2810 2180 2857 vero,
2212 2794 2452 2847 solutum
2500 2809 2562 2847 ac
2600 2795 2839 2859 mollem,
2868 2804 2922 2849 et
2960 2796 3026 2850 ad
3074 2813 3137 2852 ea
3178 2814 3300 2867 quae
3336 2806 3466 2852 sunt

1877 2884 2039 2939 oliicii
2068 2900 2290 2955 segnem
2321 2884 2503 2939 reddit
2525 2884 2789 2938 animum.
2993 2882 3002 2892 '

1945 2979 2032 3032 39.
2068 2978 2390 3031 Dlvitiarum
2421 2977 2641 3045 quidem
2676 2977 3005 3041 substantia,
3033 2994 3259 3045 aurum;
3288 2981 3455 3034 virtu-

1876 3072 1946 3128 tis
1977 3086 2139 3131 vero,
2175 3070 2477 3123 humilitas.
2510 3068 2983 3135 Quemadmodum
3020 3072 3185 3140 igitur
3214 3075 3306 3142 qui
3343 3074 3465 3128 auri

196 3172 302 3224 κᾶν
354 3172 427 3241 μὴ
469 3174 584 3233 ’τοῖς
621 3171 818 3235 ἔξωθεν
871 3174 1166 3239 φαίνηταιο
1210 3169 1351 3223 οὕτω
1393 3168 1773 3232 ταπεινώσεως

1880 3164 2104 3235 penuria
2144 3164 2386 3225 laborat,
2420 3178 2629 3235 pauper
2658 3172 2773 3228 est,
2800 3166 3052 3234 quamvis
3086 3166 3171 3220 his
3204 3166 3297 3236 qui
3330 3167 3464 3221 foris

194 3265 348 3329 ἄνευ,
383 3265 635 3333 ἐνάρετος
673 3264 773 3324 οὐκ
811 3264 962 3323 ἔσται
998 3265 1025 3315 6
1055 3262 1486 3339 ἀγωνιζόμενος.

269 3442 344 3506 μ’.
387 3435 603 3506 Χρυσοῦ
640 3435 784 3504 δίχα,
826 3433 1015 3508 ὥσπερ
1042 3431 1283 3501 ἔμπορος
1307 3430 1369 3483 οὐ
1399 3429 1643 3497 πέφυκεν
1675 3427 1774 3498 ἰμ-

192 3543 386 3597 πορος,
442 3526 541 3579 κᾶν
589 3527 707 3578 λίαν
760 3526 893 3597 πρὸς
942 3525 1214 3593 ἐμπορίαν
1250 3523 1395 3574 ἐστὶν
1446 3523 1771 3592 ἐπιτήδειος·

189 3618 373 3680 οὓτως
417 3620 539 3672 οὐδὲ
573 3618 1078 3688 ταπεινοφροσύνης
1118 3616 1309 3686 χωρὶς,
1346 3618 1405 3667 ἐν
1448 3616 1773 3684 κατασχέσει

188 3712 303 3765 τῶν
340 3713 435 3780 τῆς
468 3712 669 3781 ἀρετῆς
720 3710 892 3779 ἡδέων
931 3708 1290 3777 εὑρεθήσεται
1346 3709 1374 3758 6
1412 3706 1770 3775 ἀσκούμενος,

188 3805 299 3860 κᾶν
333 3808 510 3875 πάντη
553 3807 619 3874 τῇ
663 3803 860 3857 ἑαυτοῦ
892 3802 1175 3871 νουνεχεία
1204 3799 1406 3871 θαρρῇ.

269 3895 381 3969 μα’.
408 3898 487 3968 Τῇ
522 3893 993 3966 ταπεινοςρροσύνῃ
1042 3895 1070 3946 6
1107 3891 1293 3955 ἀνιὼν,
1337 3889 1651 3962 κατώτερος
1677 3890 1773 3943 τοῦ

190 3990 396 4043 ἑαυτοῦ
449 3990 797 4060 φρονήματος
828 3988 1058 4061 γίνεταιο
1085 3984 1359 4055 ἁνὼτερος
1385 3983 1465 4047 δὲ,
1500 3985 1528 4036 6
1558 3984 1774 4052 ἐκείνης

186 4085 388 4154 χωρὶς,
443 4082 500 4143 ὃς
538 4083 658 4135 οὐδὲ
696 4078 1169 4151 παραμετρεῖσθαι
1199 4080 1311 4140 τοῖς
1354 4076 1659 4146 ἐλαχίστοις
1698 4076 1774 4144 lg)

190 4174 465 4236 ἑκουσίοις
488 4174 759 4243 ἀνέχεται·
794 4175 885 4225 καὶ
913 4173 1000 4225 δια
1029 4171 1187 4233 τοῦτο
1222 4172 1280 4223 ἰν
1312 4173 1431 4233 ταῖς
1468 4169 1774 4240 πρωτοκλι-

189 4262 343 4323 σίαις
385 4263 445 4313 τὸ
472 4262 715 4332 λυπηρὶν
748 4262 1139 4316 ἐπιδείκνυται.

268 4355 386 4424 μβ⁹.
420 4356 595 4407 Καλὸν
620 4356 698 4424 τῷ
734 4357 1012 4425 ἀγωνιστῇ
1058 4357 1278 4424 φρονεῖν
1317 4354 1415 4423 μὲν
1448 4356 1646 4425 ἥττονα
1679 4354 1776 4422 τῆς

184 4448 462 4519 ἔργασίας
515 4446 702 4513 αὐτοῦ,
739 4437 1002 4517 πράττειν
1038 4449 1095 4501 δὲ
1138 4448 1422 4517 κρείττονα
1451 4448 1550 4517 τῆς
1574 4447 1775 4508 δειλίας

1877 3263 2005 3309 sunt
2035 3271 2096 3309 ac
2126 3256 2403 3309 extraneis
2434 3271 2544 3309 non
2570 3256 2856 3321 videatur;
2892 3260 2969 3311 sic
2998 3258 3117 3310 sine
3150 3257 3464 3315 humilitate

1875 3346 2093 3400 virtutis
2125 3346 2371 3417 palaestra
2404 3356 2623 3401 certans
2654 3347 2939 3402 studiosus
2963 3364 3072 3401 non
3103 3347 3229 3402 erit.

1945 3439 2033 3492 40.
2064 3439 2538 3505 Quemadmodum
2575 3450 2867 3504 mercator,
2899 3456 3062 3509 quem
3097 3456 3294 3495 aurum
3324 3441 3465 3497 deﬂ—

1876 3530 2005 3593 ciat,
2043 3546 2143 3584 nec
2185 3530 2229 3584 si
2272 3530 2430 3585 valde
2475 3530 2706 3587 idoneus
2746 3539 3068 3585 mercatura:
3111 3532 3204 3597 sit,
3238 3533 3466 3587 omnino

1874 3632 2146 3677 mercator
2179 3624 2409 3678 exsistat
2455 3640 2469 3675 :
2516 3623 2596 3677 sic
2638 3638 2742 3676 nec
2784 3638 3048 3676 exercens
3095 3622 3159 3677 ad
3204 3623 3463 3692 pietatem

1876 3717 1991 3770 sine
2035 3717 2357 3779 humilitate
2378 3715 2598 3771 virtutis
2635 3716 2914 3769 fructuum
2958 3731 3182 3784 compos
3221 3731 3463 3784 unquam

1876 3808 2218 3872 invenietur,
2248 3808 2602 3877 quantumvis
2637 3808 2861 3861 omnino
2896 3822 3007 3861 sua:
3044 3806 3280 3861 solertia:
3312 3807 3463 3861 ﬁdat.

1944 3898 2033 3951 41.
2064 3897 2166 3963 Qui
2209 3914 2403 3952 sensus
2442 3897 2709 3951 modestia
2746 3912 2810 3951 ac
2844 3896 3154 3951 humilitate
3189 3897 3463 3958 ascendit,

1874 4004 2037 4043 sensu
2072 4005 2174 4043 suo
2206 3989 2472 4059 dejectior
2502 3989 2783 4055 redditur;
2817 3989 2908 4058 qui
2945 4004 3077 4042 vero
3113 3988 3320 4058 absque
3354 3989 3464 4053 illa,

1875 4082 2058 4144 altior,
2089 4096 2153 4135 ac
2184 4098 2284 4135 nec
2318 4081 2565 4135 minimis
2597 4082 2793 4135 lubens
2828 4082 3079 4151 componi
3114 4081 3263 4136 velit.
3297 4080 3460 4136 Hinc-

1874 4188 1982 4242 quc
2029 4173 2165 4227 adeo
2215 4174 2305 4237 tit,
2340 4184 2399 4227 ut
2446 4174 2499 4228 in
2546 4173 2741 4243 primis
2782 4173 3136 4228 consessibus
3182 4172 3466 4241 tristitiam

1876 4264 2074 4333 prodat
2093 4263 2135 4316 ⁸.

1946 4356 2034 4408 ιε.
2084 4355 2313 4409 Przestat
2364 4356 2600 4426 pugilem
2646 4355 2871 4410 virtutis
2922 4356 3209 4425 palmstra,
3251 4356 3467 4412 minora

1877 4461 2069 4515 sapere
2097 4461 2257 4514 quam
2291 4462 2388 4515 pro
2415 4461 2515 4501 suo
2545 4463 2745 4516 opere;
2780 4447 2995 4517 potiora
3022 4463 3152 4501 vero
3174 4463 3338 4517 quam
3369 4464 3470 4516 pro

183 4538 387 4593 αὐτοῦ.
424 4538 578 4591 Οὕτω
616 4538 723 4607 γᾴρ
764 4538 829 4593 ἂν
877 4540 972 4590 καὶ
1015 4538 1323 4609 ἀνθρώποις
1351 4539 1647 4606 αἰδέσιμος,
1681 4538 1774 4589 καὶ

1880 4551 1973 4590 sua
1999 4534 2289 4591 formidine
2318 4552 2380 4590 ac
2405 4537 2619 4607 ignavia
2647 4553 2830 4606 agere.
2856 4538 2949 4593 Sic
2977 4540 3127 4599 enim
3157 4549 3267 4593 tum
3297 4538 3466 4592 homi-

182 4630 320 4703 Θεῷ
350 4630 611 4701 ἐργάπης
652 4630 969 4701 εὑρίσκεται
1008 4632 1522 4699 ἀνεπαίσχυντος.

267 4822 388 4884 μγ.
422 4814 491 4867 Ἢ
532 4812 933 4884 κατορθοῦσθαι
969 4812 1050 4865 δεῖ
1077 4810 1151 4883 (It)
1178 4810 1313 4880 πρὸς
1355 4809 1532 4873 πάσας
1562 4811 1663 4871 τὰς
1695 4809 1780 4863 ἐν·

262 4956 287 4989 ⁸
313 4955 452 5010 Luc.
489 4970 596 5019 xw,
623 4955 677 5019 7;
702 4969 790 5017 xx,
827 4951 917 5007 46.
994 4951 1015 4983 ⁹
1040 4951 1062 5005 Ι
1087 4950 1231 5006 Tim.
1261 4966 1321 5015 ιι,
1353 4950 1443 5004 15.

266 5072 339 5142 (ῃ
388 5070 453 5122 '0
477 5066 568 5142 fcit
600 5066 946 5142 λινξτήσαντι
975 5065 1218 5142 ἀδίκως.
1244 5064 1481 5142 Coactus
1509 5079 1633 5142 sum
1659 5079 1782 5117 mu-

180 5134 328 5199 tare
344 5139 491 5210 quod
528 5138 855 5210 mendosum
890 5136 1118 5210 omnino
1162 5134 1494 5210 apparebat,
1522 5135 1785 5210 nulloque

178 5206 539 5283 aptor'scnsu
589 5224 619 5261 a
662 5208 897 5283 Maximo
938 5206 1106 5283 scribi
1148 5213 1447 5283 po_tuerat_,_
1482 5206 1785 5283 λυπήσειν-ει

177 5274 449 5343 δίκαίως,
475 5286 530 5333 et
558 5279 853 5346 μετανοῶν·
879 5293 1003 5331 cum
1024 5274 1229 5347 alioqui
1258 5274 1508 5347 expedita
1525 5274 1595 5329 sit
1620 5275 1787 5331 totius

178 5354 400 5422 capitis
432 5348 724 5422 sententia,
754 5348 872 5422 ipsa
899 5356 1111 5417 arguta,
1143 5363 1205 5422 ac
1230 5362 1336 5422 qua
1366 5346 1583 5422 erudite
1613 5361 1783 5415 expo-

179 5416 415 5478 nu'ntur
443 5420 643 5491 gradus
667 5416 877 5474 ferendi
906 5416 1342 5491 autiremittendi
1373 5416 1629 5487 injurias;
1663 5432 1784 5491 quae

182 5509 343 5549 tunc
387 5487 599 5561 injuria!
646 5500 806 5553 sunt,
843 5506 967 5543 cum
1014 5490 1213 5559 injuste
1261 5487 1626 5561 inferuntur:
1672 5488 1790 5538 ἀντὶ

178 5566 291 5617 τοῦ
352 5558 649 5633 μετανοῶν,
679 5562 1022 5630 scripsissem
1072 5558 1406 5629 μετευνοῶν,
1434 5558 1487 5633 _si
1535 5558 1623 5633 illa
1657 5572 1789 5609 voce

180 5629 369 5689 usum
434 5633 670 5699 aliquem
737 5629 1024 5699 probatum
1088 5638 1367 5684 auctorem
1433 5629 1785 5699 invenissem.

176 5703 425 5772 Alioqui
476 5698 606 5755 vero
656 5698 757 5754 vox
807 5702 1037 5772 εὐνοῶν,
1084 5698 1786 5772 ἰρςιιηιιοηηίηουιηιηοιίιι;

179 5768 618 5844 respéxeritque
660 5772 713 5844 in
757 5788 820 5826 ea
858 5768 1143 5844 Maximus,
1179 5768 1311 5844 illud
1350 5768 1539 5844 Matth.
1574 5785 1625 5844 ν,
1659 5768 1729 5821 25
1774 5786 1783 5796 ·

182 5839 371 5899 ’Βᾶθι
401 5839 600 5898 εὐνοῶν
636 5843 712 5913 τῷ
745 5842 998 5912 ἀντιδίκῳ
1032 5858 1122 5893 σου
1156 5840 1309 5909 ταχύ·
1344 5839 1540 5894 Habeto
1573 5840 1788 5893 benevo-

1882 4626 2048 4680 nibus
2077 4627 2429 4689 venerabilis,
2467 4635 2579 4680 tum
2607 4628 2717 4681 Deo
2746 4631 3019 4699 operarius
3050 4631 3427 4699 iucoufusibilis
3448 4633 3470 4663 ’

1885 4718 2219 4771 invenietur.

1960 4810 2048 4865 45.
2080 4814 2190 4867 Aut
2232 4811 2327 4866 Dei
2375 4811 2629 4873 mandata
2672 4813 2857 4877 omnia
2902 4814 3199 4885 adimpleat
3244 4833 3470 4875 necesse

1882 5067 2100 5121 [entiam
2132 5080 2249 5116 cum
2288 5066 2596 5121 adversario
2630 5076 2719 5121 tuo
2754 5069 2887 5132 cito,
2920 5067 3001 5121 uti
3039 5068 3222 5123 reddit
3255 5069 3467 5125 Erasm.

1882 5136 2167 5219 acJGraaca
2204 5146 2431 5219 sonant;
2473 5148 2792 5219 spectatque
2830 5148 2884 5219 et
2926 5139 3179 5219 istud'ad
3222 5142 3465 5219 recoaci-

1882 5209 2189 5268 liationem,
2223 5222 2329 5274 qua
2361 5208 2670 5271 studemus,
2702 5208 2919 5277 injuria:
2950 5209 3130 5268 obliti.
3164 5226 3206 5263 sn
3242 5212 3375 5277 quid
3409 5228 3471 5265 ea

1886 5279 2009 5332 Izesa
2039 5278 2421 5331 benevolentia
2452 5289 2556 5341 est,
2582 5279 2790 5333 saniori
2819 5278 3051 5333 consilio
3080 5281 3363 5333 resarcire.

1972 5351 2047 5419 (gl
2078 5348 2585 5419 Παρςιμετρεῖσθαι
2610 5350 2733 5413 τοῖς
2755 5349 3121 5419 ἐλαχίστοις.
3145 5349 3269 5403 Haec
3293 5350 3462 5404 humi-

1890 5418 2060 5473 litatis
2098 5418 2363 5488 perfectio
2402 5428 2503 5481 est.
2535 5434 2596 5471 ac
2636 5418 2782 5488 quod
2826 5420 3091 5473 Dominus
3129 5420 3250 5473 aliis
3288 5421 3471 5475 verbis

1894 5486 2211 5549 admonuit,
2250 5488 2454 5555 jubens
2498 5486 2688 5543 sedere
2742 5489 2797 5541 in
2851 5490 3153 5543 novissimo
3204 5491 3362 5555 loco;
3416 5500 3470 5545 ut

1894 5576 2055 5612 nemo
2079 5559 2150 5612 sit
2176 5559 2318 5612 inter
2342 5559 2619 5621 minimos,
2643 5561 2802 5628 cujus
2828 5574 2930 5613 nos
2955 5560 3179 5613 modum
3206 5562 3471 5617 excedere

1893 5628 2493 5700 existitnemus.ASeeus
2524 5629 2590 5682 de
2627 5629 2881 5700 superbis
2914 5631 3003 5695 37,
3034 5646 3137 5685 nec
3170 5631 3473 5700 :equalibus

1893 5701 1968 5754 ait
2003 5701 2136 5769 (τοῖς
2181 5698 2461 5766 ἰσοτίμοις)
2503 5700 2555 5753 in
2597 5700 2758 5755 bonis
2796 5699 2931 5755 velle
2978 5698 3473 5772 παραμετρεῖσθαι,

1892 5772 2129 5839 componi
2158 5780 2205 5821 et
2232 5773 2515 5839 exaequari.

1964 5841 2040 5911 (Ii)
2099 5841 2163 5895 Ἢ
2212 5840 2652 5908 κατορθοῦσθαι
2700 5841 2809 5897 δεῖ.
2852 5842 3031 5911 Caput
3078 5841 3221 5897 istud
3275 5856 3470 5899 novum
