4184 6436
724 401 856 466 1111

1899 401 1960 459 S.
2003 398 2288 459 ΜΑΧΙΜΙ
2329 398 2838 462 CONFESSORIS

3873 405 3997 471 1512

722 517 835 573 est,
885 519 981 565 aut
1029 510 1123 566 uni
1171 509 1464 578 diligenter
1511 506 1804 560 humilitati
1858 505 2168 565 incumbat,
2211 521 2282 572 qu

2410 505 2572 569 τολὰς
2605 507 2702 560 τοῦ
2738 508 2893 573 θεοῦ,
2929 511 2961 578 ἢ
2993 511 3123 576 μιᾶς
3155 510 3550 566 ἀντιποιεῖσθαι
3601 513 3698 583 τῆς
3744 531 4000 568 ταπεινο-

723 611 979 656 vereatur
1003 617 1070 654 ne
1102 609 1401 653 cxtrancus
1433 614 1462 651 a
1496 597 1947 651 rccmnbentibus
1979 596 2032 648 in
2067 595 2307 650 thalamo

724 695 976 746 exsistat.

791 788 878 838 Μ.
902 786 1065 839 Misce
1097 783 1435 852 simplicitati
1463 781 1891 846 continentiam;
1921 798 1982 835 ac
2005 781 2304 836 humilitati

720 877 913 944 Copula
937 875 1250 936 veritatem,
1271 875 1490 941 erisque
1515 871 1742 941 jnstitia:
1764 872 2196 932 contubcmalis,
2215 871 2304 923 cui

720 967 870 1019 velut
905 967 972 1020 ad
1013 981 1288 1029 mensam,
1320 965 1545 1033 reliqum
1581 978 1771 1016 cmucs
1803 963 2036 1035 virtutes
2065 961 2306 1016 libenter

717 1066 1145 1127 congregemur.

786 1152 874 1204 45.
904 1151 1058 1205 Caeca
1094 1150 1298 1203 veritas
1333 1156 1449 1210 est,
1481 1148 1570 1201 cui
1605 1147 1746 1201 desit
1779 1161 1963 1200 comes
2000 1147 2299 1201 humilitas.

715 1238 964 1309 Hinequc
988 1249 1073 1294 est
1097 1250 1157 1294 ut
1181 1238 1616 1292 contradictione
1645 1238 1934 1308 pmdagogo
1962 1249 2170 1302 utatur,
2195 1254 2303 1308 qua

715 1342 998 1399 utcunque
1031 1331 1287 1384 laborans
1313 1329 1590 1392 fulciatur,
1613 1345 1716 1383 nec
1743 1338 1923 1388 tamen
1953 1340 2149 1399 printer
2175 1347 2306 1385 ran-

713 1423 859 1477 coris
889 1439 1072 1476 arccm
1102 1423 1400 1491 quidquam
1437 1423 1700 1476 inveniat.

784 1515 874 1568 46.
919 1515 1113 1568 Blandi
1159 1530 1378 1578 mores,
1421 1515 1644 1567 virtutis
1691 1515 1946 1569 decorem
1996 1516 2238 1583 produn:
2287 1533 2298 1568 :

711 1605 1206 1673 membrorumque
1239 1604 1394 1660 ﬁrma
1428 1605 1785 1673 compositio,
1821 1604 1988 1657 anitui
2022 1620 2212 1674 pacem
2247 1615 2304 1660 et

713 1699 1193 1768 tranquillitatem.

779 1791 947 1862 646
974 1791 1063 1844 47.
1089 1789 1333 1843 Primum
1357 1789 1564 1842 bonum
1595 1797 1698 1854 est,
1723 1790 1903 1845 nullas
1927 1789 2088 1846 ollicii
2119 1799 2300 1860 partes

711 1882 991 1936 deserere.
1015 1879 1157 1933 lluic
1176 1880 1507 1948 proximum,
1532 1881 1680 1948 quod
1707 1890 1950 1933 erratum
1975 1880 2064 1946 sit,
2089 1881 2298 1951 pudore

709 1988 821 2028 non
861 1972 1143 2042 obtegere,
1176 1985 1240 2024 ac
1279 1985 1382 2024 nec
1424 1970 1478 2024 in
1521 1986 1588 2026 eo
1630 1971 2006 2041 impudentius
2039 1975 2294 2044 gloriari;

708 2063 806 2119 scd
865 2063 1040 2134 magis
1091 2061 1403 2126 humiliari,
1447 2071 1504 2116 et
1546 2078 1671 2116 cum
1721 2064 2023 2128 accuseris,
2063 2065 2297 2134 teipsum

706 2155 918 2226 pariter
964 2169 1260 2218 accusare,
1312 2169 1644 2226 pmnamque
1703 2155 1943 2209 libenter
1994 2155 2294 2225 suscipere.

707 2247 824 2304 Hoc
863 2248 921 2303 ni
963 2247 1086 2314 ﬁat,
1115 2247 1420 2303 invalidum
1451 2260 1537 2304 est
1563 2247 1830 2318 quidquid
1863 2248 1974 2302 Deo
2002 2246 2293 2303 obtuleris.

775 2425 866 2479 48.
911 2423 1050 2479 Cum
1105 2433 1303 2494 sponte
1349 2431 1632 2494 assumpta
1683 2423 2074 2486 amictationc,
2119 2422 2294 2479 susci-

704 2516 907 2586 pienda
958 2526 1015 2571 et
1055 2531 1179 2586 qua:
1226 2515 1414 2571 invitis
1459 2515 1696 2582 accidit;
1747 2531 1869 2586 qua:
1918 2516 2180 2570 nimirum
2227 2531 2295 2570 ex

663 2660 670 2666 .
706 2595 872 2662 illatis
913 2607 1237 2671 calumniis,
1268 2623 1446 2678 exque
1490 2623 1673 2662 rerum
1713 2607 1928 2662 damnis
1965 2608 2206 2676 acceptis
2241 2617 2297 2661 et

702 2697 1124 2768 mritudinibus
1149 2698 1420 2752 consistit.
1445 2697 1571 2752 llaec
1599 2698 1747 2752 enim
1781 2697 1874 2766 qui
1899 2712 2012 2750 non
2035 2697 2288 2766 suscipit,

705 2788 802 2844 sed
837 2789 1058 2860 indigne
1089 2789 1218 2853 fert,
1247 2789 1295 2843 ei
1338 2788 1532 2844 similis
1571 2798 1677 2852 est,
1710 2789 1804 2858 qui
1845 2803 1955 2841 non
1995 2803 2120 2842 cum
2160 2788 2292 2853 sale,

703 2880 800 2935 sed
840 2897 964 2934 cum
1005 2881 1122 2934 solo
1163 2881 1323 2934 melle
1366 2882 1482 2936 vult
1520 2881 1809 2935 eomedcre
1844 2895 2039 2950 panem
2073 2895 2235 2933 suum
2277 2897 2290 2934 :

701 2971 793 3025 cui
835 2986 965 3026 sane
1009 2988 1118 3026 non
1163 2972 1367 3040 ubique
1409 2986 1592 3026 comes
1634 2972 1906 3041 voluptas,
1935 2971 2031 3025 scd
2073 2972 2294 3026 satietas

702 3071 868 3131 atque
898 3077 1099 3116 nausea
1133 3077 1350 3130 semper
1374 3077 1404 3115 e
1427 3062 1611 3116 vicino
1640 3071 1740 3116 est.

2411 599 2708 669 φροσύνης,
2751 601 2844 653 τὸν
2881 601 3118 656 δεδοιότα
3158 604 3232 674 μὴ
3274 606 3422 671 ξένον
3473 608 3584 660 τῶν
3624 608 3703 677 τῷ
3741 608 3997 678 νυμφῶνι

2409 689 2784 760 ἀνακειμένων
2819 693 3073 761 ὀφθῆναι.

2483 783 2586 852 μδ’.
2631 784 2804 849 Μίξον
2840 788 2904 854 τῇ
2946 786 3210 856 ἁπλότητι
3262 788 3360 857 τὴν
3389 791 3746 860 ἐγκράτεια-θ’
3770 791 3868 844 καὶ
3898 789 3993 843 σύ-

2409 874 2597 938 ζευξον
2649 878 2714 945 τῇ
2761 881 3231 952 ταπεινοφροσύνῃ
3275 881 3556 952 ἀλήθειαν,
3615 877 3710 935 καὶ
3764 883 3997 952 ὀφθείσῃ

2407 966 2721 1038 δικαιοσύνῃ
2753 970 3050 1033 συνέστιοςο
3152 972 3228 1035 ὡς
3261 974 3352 1025 ἐπὶ
3385 973 3686 1043 τραπέζης,
3722 972 3859 1042 άλλη
3890 976 3995 1026 πᾶν

2409 1075 2476 1110 σα
2521 1059 2665 1126 φιλεῖ
2697 1061 3121 1129 ὲπισυνάγεσοαι
3153 1064 3345 1133 ἀρετή.

2481 1158 2582 1220 με’.
2610 1153 2797 1222 Τυφλὴ
2825 1153 2926 1220 τῆς
2952 1157 3455 1227 ταπεινοφροσύνης
3480 1158 3648 1226 χωρὶς
3680 1159 3713 1226 η
3742 1157 3991 1226 ἀλήθεια.

2405 1240 2507 1293 Διά
2539 1240 2697 1297 τοῦτο
2720 1243 2812 1296 καὶ⁵
2835 1245 2900 1313 τῇ
2928 1245 3206 1316 ἀντιλογίᾳ
3235 1245 3436 1316 χρῆται
3463 1247 3827 1316 παιδαγωγῷ,
3860 1249 3998 1316 ἐρεῖ-

2407 1351 2495 1386 σαι
2530 1335 2629 1404 μὲν
2663 1336 2802 1407 αύτῇ
2859 1337 2950 1389 ἐπί
2992 1354 3042 1390 τι
3093 1339 3386 1411 μοχθούσῃ,
3427 1341 3501 1410 μὴ
3539 1342 3881 1413 εύρισκούσῃ
3913 1341 3992 1405 δὲ,

2401 1427 2452 1478 ,εἰ
2489 1426 2560 1494 μὴ
2591 1426 2652 1478 τὸ
2680 1428 2776 1495 τῆς
2813 1427 3175 1497 μνησικακίας
3204 1429 3488 1498 ὀχύρωμα.

2479 1516 2574 1584 μς¹
2607 1508 2780 1578 Ἦθος
2811 1517 3067 1589 χρηστὸν,
3105 1519 3427 1588 ὡραιότητα,
3461 1526 3736 1592 μαρτυρεῖ
3759 1523 3988 1592 ἀρετῆςο

2406 1605 2588 1674 μελῶν
2619 1605 2676 1658 δὲ
2697 1608 3009 1673 εὐστάθεια,
3041 1609 3320 1682 εἰρηναίαν
3359 1610 3555 1680 ψυχήν.

2476 1781 2586 1850 μζκ
2650 1783 2870 1854 Πρῶτον
2927 1784 3024 1854 μὲν
3085 1785 3287 1848 καλὸν,
3351 1787 3412 1838 τὸ
3458 1789 3516 1839 ὲν
3581 1788 3772 1857 μηδενὶ
3834 1789 3994 1859 μέρει

2401 1873 2638 1926 πταίειν.
2667 1874 2930 1945 Δεύτερον
2960 1875 3039 1937 δὲ,
3064 1876 3125 1928 τὸ
3174 1877 3247 1948 μὴ
3282 1879 3420 1930 αἰδοῖ
3445 1880 3901 1932 κατακαλύπτειν
3931 1881 3994 1931 τὸ

2403 1964 2626 2034 σφάλμα
2667 1965 2861 2019 αὐτοῦ’
2900 1969 2973 2038 μή
3015 1986 3072 2021 τε
3120 1970 3248 2040 μὴν,
3297 1961 3677 2024 ἀναιδεύεσθαι
3723 1975 3783 2022 ἐν
3816 1971 3992 2040 αύτῷ,

2404 2056 2604 2128 μᾶλλον
2633 2058 2688 2112 δὲ
2726 2060 3137 2125 ταπεινοῦσθαι,
3167 2065 3259 2114 καὶ
3286 2065 3764 2134 κατηγορούμενον
3790 2065 3993 2118 ἑαυτοῦ

2403 2154 2860 2222 συγκατηγορείν,
2893 2153 2986 2206 καὶ
3022 2153 3274 2223 δέχεσθα.
3305 2155 3560 2224 ἀσμένως
3588 2155 3650 2209 τδ
3679 2159 3992 2223 ἐπιτίμιον.

2399 2240 2604 2294 Τούτου
2634 2242 2690 2295 δὲ
2728 2243 2801 2312 μὴ
2840 2246 3151 2315 γινομένου,
3182 2246 3473 2318 ἀνίσχυρον
3503 2248 3646 2301 ἆπαν
3670 2247 3735 2300 τὸ
3770 2248 3851 2317 τῷ
3875 2247 3996 2316 Θεῷ

2399 2334 2862 2404 προσφερόμενον.

2472 2429 2584 2494 μη’.
2638 2424 2782 2496 Πρὸς
2819 2427 2886 2495 τῇ
2935 2426 3170 2497 ἑκουσίῳ
3201 2427 3564 2497 κακοπαθείᾳ,
3611 2426 3720 2497 χρὴ
3762 2427 3863 2480 καὶ
3895 2426 3996 2496 τὴν

2399 2513 2652 2569 ἀκούσιον
2699 2516 3112 2586 καταδέχεσθαι·
3155 2519 3253 2589 τὴν
3295 2521 3359 2572 ἐκ
3391 2519 3651 2572 διαὸολῶν
3690 2519 3866 2587 λέγω,
3899 2520 3998 2588 ξη-

2400 2605 2542 2673 μιῶν
2577 2623 2636 2658 τε
2669 2608 2766 2679 καὶ
2792 2607 3107 2665 ἀσθενειῶν.
3139 2609 3325 2663 Ταῦτα
3363 2610 3471 2680 γὰρ
3502 2613 3530 2663 ὁ
3575 2612 3650 2680 μὴ
3681 2611 3996 2681 καταδεχό-

2399 2714 2580 2768 μενος,
2606 2698 2742 2752 ἀλλά
2768 2699 3073 2768 δυσπετῶν,
3097 2701 3285 2771 ὅμοιός
3312 2704 3428 2754 ἐστι
3453 2701 3529 2772 τῷ
3560 2706 3636 2771 μὴ
3661 2703 3807 2772 μετά
3835 2703 3992 2767 ἁλὸς,

2399 2791 2541 2860 μετά
2568 2789 2623 2844 δὲ
2655 2791 2871 2860 μέλιτος
2896 2793 3061 2863 μόνου
3103 2793 3428 2864 βουλομένου
3457 2794 3658 2847 ἐσθίειν
3691 2797 3790 2848 τὸν
3824 2797 3996 2866 ἄρτον

2396 2881 2584 2935 αὑτοῦ·
2617 2883 2675 2946 ὃς
2716 2885 2779 2936 οὐ
2815 2885 3045 2938 πάντοτε
3090 2885 3188 2955 μὲν
3222 2887 3320 2955 τὴν
3351 2885 3544 2956 ἡδονὴν
3590 2890 3708 2956 εει-ι
3753 2888 3993 2957 σύντρο-

2397 2992 2516 3042 φον,
2561 2974 2653 3028 τὸν
2686 2975 2743 3028 δὲ
2774 2976 2935 3046 κόρον
2966 2977 3052 3029 ἀεὶ
3084 2978 3300 3044 γείτονα
3333 2977 3618 3046 κέκτηται.

772 3153 862 3208 49.
894 3152 1030 3208 Cum
1068 3153 1235 3206 herus
1276 3151 1366 3216 sit,
1397 3153 1539 3206 servi
1580 3153 1809 3207 formam
1852 3151 2108 3224 praeferre
2144 3151 2285 3206 vide-

2471 3153 2581 3224 μθ’.
2619 3154 2900 3225 Δεσπότης
2929 3153 3027 3216 ὢν,
3057 3155 3245 3209 δούλου
3278 3157 3462 3226 σχῆμα
3514 3156 3991 3227 περιϐαλλόμενος

705 3255 815 3312 tur,
847 3248 940 3318 qui
987 3245 1221 3318 proximi
1259 3254 1468 3298 vestem
1509 3245 1744 3299 lat-cram
1783 3245 1986 3298 divinis
2025 3243 2290 3297 sermoni-

702 3341 808 3394 bus
855 3340 1030 3405 lavat,
1073 3341 1159 3394 vel
1201 3340 1294 3409 qui
1344 3340 1820 3408 elcemosynarum
1868 3334 2292 3403 elargitionibus

701 3445 823 3483 eam
853 3431 1092 3484 consuit.
1118 3431 1322 3486 Caveat
1355 3440 1538 3484 autem
1568 3429 1660 3498 qui
1693 3429 1798 3482 hoc
1825 3428 1975 3491 facit,
1999 3426 2289 3496 nequando

700 3521 848 3590 quod
896 3531 955 3575 ut
1001 3537 1193 3576 servus
1239 3538 1354 3575 rem
1403 3529 1654 3591 praestet,
1685 3535 1807 3572 cum
1852 3517 2138 3578 mercede,
2169 3533 2289 3585 qua:

699 3614 865 3666 etiam
899 3615 1182 3682 competit,
1214 3613 1474 3683 potentia:
1508 3612 1853 3682 dignitatem.
1889 3609 2069 3663 inanis
2101 3609 2288 3680 gloria:

701 3703 838 3755 vitio
867 3703 1104 3757 amittat.

771 3791 858 3845 50.
903 3791 1378 3858 Quemadmodum
1430 3790 1565 3844 fides
1613 3788 1918 3843 substantia
1967 3795 2052 3842 est
2101 3803 2286 3844 rerum

700 3883 1093 3953 sperandarum
1119 3885 1192 3949 ‘°;
1233 3885 1307 3937 ita
1348 3883 1608 3951 nimirum
1645 3880 1959 3951 prudentia,
1990 3879 2191 3944 animi;
2224 3893 2286 3933 ac

698 3975 940 4039 virtutis,
973 3974 1279 4029 humilitas.
1306 3973 1614 4040 Mirumquc
1651 3980 1755 4034 est,
1783 3967 2061 4038 quomodo
2095 3982 2217 4035 quae
2253 3981 2284 4020 a

699 4083 758 4122 se
787 4067 1030 4138 perfecta
1063 4074 1212 4130 sunt,
1241 4065 1560 4134 imperfecta
1586 4063 1871 4125 exsistant,
1902 4061 1947 4115 si
1977 4059 2284 4114 accidentia

699 4161 901 4215 desint.

768 4253 856 4307 5-1.
894 4251 1146 4306 Dominus
1185 4250 1450 4303 custodiat
1489 4248 1766 4302 introitum
1813 4252 1957 4298 tuum
1998 4253 2048 4297 et
2085 4246 2281 4299 exitum

692 4352 870 4405 tuum,
907 4342 1087 4412 inquit
1113 4343 1186 4409 ¹¹;
1226 4341 1477 4396 ciborum
1513 4339 1726 4394 scilicet
1760 4346 1925 4408 atque
1960 4340 2277 4404 verborum,

694 4449 798 4508 per
825 4433 1225 4488 continentiam
1255 4448 1352 4487 seu
1384 4431 1794 4486 abstinentiam.
1820 4431 1923 4497 Qui
1957 4431 2104 4485 enim
2141 4439 2279 4484 tem-

2397 3245 2666 3314 φαίνεται,
2702 3247 2730 3298 ὁ
2759 3246 2818 3298 τὸ
2848 3245 3148 3317 διερρωγὸς
3182 3247 3395 3300 πλύνων
3423 3247 3515 3300 τοῦ
3540 3247 3768 3315 πλησίον
3800 3251 3992 3315 λόγοις

2396 3334 2602 3396 ἐνθέοις
2642 3337 2876 3406 ἱμάτιον,
2910 3339 2943 3408 ἢ
3006 3338 3410 3409 καταρῤάπτων
3447 3340 3565 3400 ταῖς
3629 3340 3984 3408 μεταδόσεσι.

2393 3426 2675 3478 Σκοπείτω
2703 3426 2757 3478 δὲ
2786 3427 2814 3478 ὁ
2842 3425 3001 3479 τοῦτο
3029 3426 3213 3487 ποιῶν,
3253 3429 3324 3495 μή
3369 3443 3497 3479 ποτε
3540 3426 3627 3480 διὰ
3659 3427 3718 3479 τὸ
3748 3428 3826 3490 ὡς
3860 3429 3989 3482 δοῦ-

2391 3518 2480 3582 λος
2516 3517 2674 3570 τοῦτο
2709 3519 2906 3581 τελεῖν,
2948 3519 3334 3590 προσαπολέσῃ
3379 3522 3474 3572 σὺν
3516 3519 3592 3588 τῷ
3640 3521 3846 3590 μισθῷ,
3889 3525 3988 3575 καὶ

2390 3609 2448 3661 τὸ
2482 3609 2684 3680 προσὸν
2716 3610 2865 3679 αύτῴ
2889 3610 2987 3676 τῆς
3018 3609 3265 3675 ἐξουσίας
3290 3609 3376 3663 διὰ
3401 3611 3708 3675 κενοδοξίας
3731 3612 3984 3682 ἀξίωμα.

2457 3785 2520 3842 ν’.
2556 3787 2768 3858 Ὠσπερ
2808 3789 2841 3858 ἡ
2889 3787 3070 3853 πίστις
3111 3789 3480 3860 ἐλπιζομένων
3521 3790 3822 3852 ὑπόστασις
3882 3793 3982 3844 πέο

2389 3897 2581 3950 φυκεν,
2615 3881 2757 3934 οὕτω
2799 3881 2978 3951 ψυχῆς
3029 3882 3148 3953 μὲν,
3191 3885 3223 3951 ἡ
3263 3884 3522 3952 φρόνησις
3545 3899 3557 3911 ⁸
3594 3885 3798 3952 ἀρετῆς
3829 3885 3912 3942 δὲ.
3947 3887 3980 3955 ἡ

2385 3973 2740 4036 ταπείνωσις.
2765 3975 2876 4028 Καὶ
2898 3974 3107 4044 θαῦμα,
3135 3977 3250 4038 πῶς
3274 3976 3343 4028 τά
3369 3977 3652 4046 αὐτοτελῆ,
3683 3978 3793 4030 τῶν
3829 3996 3980 4048 συμ-

2386 4066 2701 4138 ϐεϐηκότων
2733 4067 2856 4137 δίχα
2880 4068 3049 4140 ἀτελῆ
3079 4070 3471 4140 καθεστήκασι.

2454 4249 2554 4298 να’.
2593 4243 2810 4309 Κύριος
2831 4241 3094 4310 φυλάξω
3138 4240 3253 4309 τὴν
3288 4241 3535 4304 εἴσοδόν
3585 4259 3707 4296 σου
3734 4284 3748 4303 ,
3797 4245 3972 4312 φησὶ,

2384 4335 2484 4389 καὶ
2513 4336 2629 4401 τὴν
2671 4334 2890 4397 ἔξοδόν
2919 4349 3059 4387 σου·
3095 4333 3193 4403 τὴν
3226 4333 3336 4385 τῶν
3369 4333 3681 4403 βρωμάτων
3720 4335 3973 4403 δηλονότι

2383 4427 2620 4481 καὶτῶν
2660 4427 2956 4498 ῥημάτιον,
3003 4429 3068 4497 τῇ
3109 4426 3426 4497 ἐγκρατείᾳ.
3478 4427 3808 4496 Ἐγκρατῶς
3863 4430 3971 4498 γὰρ

697 4533 888 4596 perate
917 4535 976 4580 et
1005 4526 1192 4580 sobrie
1229 4541 1288 4580 se
1325 4525 1493 4580 habet
1526 4540 1625 4594 pro
1661 4524 1909 4578 ciborum
1947 4522 2276 4578 verborum-

2392 4520 2408 4570 5
2436 4518 2575 4588 ἔχων
2608 4519 2736 4588 περὶ
2776 4518 2876 4587 τὴν
2921 4516 3032 4569 τῶν
3087 4517 3395 4587 βρωμάτων
3429 4517 3524 4570 καὶ
3559 4519 3830 4587 ῥημάτων
3863 4521 3975 4572 εἷσ-

695 4631 805 4686 que
852 4616 1079 4670 introitu
1125 4625 1288 4684 atque
1343 4616 1529 4676 exitu,
1575 4614 1930 4684 cupiditatem
1990 4613 2275 4666 oculorum

694 4708 867 4772 vitat;
926 4707 1176 4777 iramque
1232 4722 1300 4761 ex
1350 4707 1573 4760 vesania
1623 4705 1901 4773 animique
1948 4704 2273 4766 insolentia,

694 4799 863 4864 lenit;
888 4811 1123 4868 quorum
1156 4799 1346 4868 utique
1372 4798 1537 4852 etlam
1571 4812 1681 4866 pra:
1707 4795 1964 4850 omnibus
1989 4793 2276 4848 conniten-

695 4891 827 4945 dum
872 4890 1023 4944 omni
1070 4890 1236 4944 modo
1282 4889 1506 4944 virtutis
1555 4888 1842 4958 palaestra,
1889 4893 1946 4939 ut
1990 4885 2275 4954 diligentia

693 4981 983 5037 habeatur.
1011 4982 1070 5035 1n
1098 4981 1184 5034 his
1209 4979 1355 5034 enim
1384 4989 1498 5032 tum
1522 4978 1604 5031 vis
1631 4976 1825 5047 agendi
1851 4976 2022 5030 robur
2041 4974 2273 5038 obtinet,

694 5083 810 5128 tum
831 5072 1242 5142 contemplandi
1269 5071 1584 5126 ﬁrmitatem
1618 5069 1803 5124 habet.

760 5164 847 5218 52.
877 5164 1018 5218 Sunt
1039 5164 1135 5234 qui
1169 5177 1268 5232 pro
1298 5163 1551 5217 ciborum
1583 5159 1813 5214 introitu
1839 5174 2088 5228 magnam
2116 5158 2273 5212 adhi-

689 5257 859 5311 beant
905 5257 1284 5327 diligentiam;
1341 5271 1442 5326 pro
1497 5255 1648 5310 exitu
1704 5264 1885 5308 autem
1937 5254 2270 5317 verborum,

688 5349 914 5418 segnius
948 5364 1013 5403 ac
1046 5348 1413 5419 negligentius
1447 5363 1566 5402 sese
1599 5346 1857 5400 habeant.
1896 5343 1956 5396 lli
1999 5345 2134 5398 tales
2176 5361 2275 5398 ne—

688 5440 896 5502 sciunt,
928 5455 994 5494 ex
1040 5439 1386 5495 Ecclesiastis
1427 5437 1729 5498 sententia,
1768 5437 1902 5490 iram
1946 5435 2169 5504 quidem
2209 5452 2273 5490 ex

761 5556 804 5586 ‘°
831 5553 995 5610 Hebr.
1026 5572 1098 5619 xl,
1134 5555 1186 5610 1.

689 5683 801 5736 est,
831 5675 931 5728 etsi
977 5674 1030 5727 in
1074 5673 1293 5728 schedis
1335 5673 1508 5726 Roma
1548 5672 1754 5733 missis,
1787 5670 1981 5725 eodem
2025 5684 2258 5723 numero

688 5745 1063 5814 consignatum
1123 5754 1245 5798 erat
1300 5759 1424 5796 cum
1484 5742 1774 5814 superiori.
1829 5741 2257 5814 ldem_ve_rbum

685 5810 875 5867 eadem
926 5815 1336 5869 constructione
1385 5828 1451 5866 ex
1504 5813 1636 5880 psal.
1681 5827 1872 5875 cxvm,
1919 5811 2050 5872 1:18,
2094 5810 2258 5862 habet

684 5883 846 5939 Marc.
881 5900 926 5938 c.
950 5886 1037 5947 51,
1069 5885 1144 5938 De
1179 5884 1286 5955 lege
1314 5882 1572 5954 spiritali;
1595 5883 1660 5934 de
1691 5899 1821 5950 quo,
1849 5882 2078 5952 ejusque
2107 5889 2258 5932 recto

1262 5555 1301 5586 “
1333 5553 1473 5608 Psal.
1509 5569 1629 5615 cxx,
1667 5552 1718 5606 8.

2383 4611 2498 4663 οδόν
2526 4628 2585 4663 τε
2613 4611 2706 4663 καὶ
2745 4609 2940 4673 ἔξοδον,
2974 4609 3269 4678 ἐπιθυμίαν
3303 4611 3401 4679 μὲν
3445 4608 3544 4680 τὴν
3577 4610 3637 4676 ἑξ
3670 4611 3972 4680 ὀφθαλμῶν

2383 4701 2788 4771 ἀποδιδράσκειο
2819 4701 2990 4771 θυμὸν
3032 4701 3088 4754 δὲ
3127 4702 3214 4754 τὸν
3252 4700 3310 4765 ἐξ
3340 4703 3599 4765 ἀπονοίας
3639 4707 3972 4774 καταπραῧ-

2383 4810 2510 4854 ναι,
2564 4786 2638 4845 ὧν
2683 4793 2763 4846 δεῖ
2804 4794 2898 4846 καὶ
2928 4794 3032 4862 πρὸ
3075 4794 3290 4846 πάντων
3321 4795 3592 4847 ποιεῖσθαι
3634 4795 3738 4866 τὴν
3775 4801 3969 4866 ἐπιμέ-

2381 4884 2529 4936 λειαν
2569 4883 2659 4936 τὸν
2689 4883 3114 4952 ἀγωνιζόμενον,
3153 4884 3314 4936 παντὶ
3354 4884 3540 4954 τρόπῳ
3570 4885 3964 4942 σπουδαστέον.

2395 4976 2480 5026 Ἑν
2510 4974 2716 5036 τούτοις
2756 4974 2884 5044 γὰρ,
2915 4976 2976 5027 τὸ
3018 4975 3118 5045 μὲν
3149 4975 3454 5045 πρακτικὸν
3486 4974 3755 5048 ἔρρωται·
3814 4977 3877 5031 τὸ
3913 4980 3966 5032 δὲ

2380 5063 2735 5135 Θεωρητικὸν,
2769 5064 3118 5133 ἐστερέωται.

2445 5156 2546 5225 νβ’.
2582 5155 2737 5218 Τινὲς
2759 5155 2816 5208 δὲ
2841 5157 2968 5225 περὶ
2995 5158 3094 5226 τὴν
3121 5155 3324 5210 εἴσοδον
3339 5156 3446 5210 τῶν
3471 5155 3811 5228 βρωμάτων,
3843 5159 3965 5214 πολ·

2377 5251 2473 5320 λὴν
2513 5251 2792 5302 ποιοῦνται
2835 5249 2932 5319 τὴν
2977 5250 3318 5319 ὲπιμέλειαψ
3358 5251 3486 5321 περὶ
3513 5252 3570 5304 δὲ
3627 5251 3816 5314 ἔξοδον
3862 5251 3963 5305 τῶν

2381 5342 2660 5414 ῥημάτων,
2693 5342 2910 5411 ἀμελῶς
2940 5341 3286 5398 διατίθενται.
3337 5346 3398 5396 Oi
3432 5344 3664 5398 τοιοῦτοι
3714 5347 3822 5399 οὐκ
3850 5346 3963 5398 ἐπί-

2382 5452 2605 5488 στανται
2628 5431 2899 5503 παράγειν
2924 5433 3094 5504 θυμὸν
3129 5436 3228 5504 μὲν
3257 5435 3364 5488 ἀπὸ
3389 5435 3619 5505 καρδίας
3654 5438 3743 5505 (i),
3777 5437 3960 5491 ἐπιθυ-

2368 5683 2554 5730 sensu,
2587 5682 2708 5736 qure
2730 5666 2844 5721 visa
2878 5677 3007 5722 sunt
3036 5667 3220 5721 obiter
3251 5665 3497 5735 exposita
3528 5664 3705 5719 altero
3735 5666 3953 5720 Maximi

2367 5738 2686 5793 centenario
2717 5753 2785 5790 ex
2815 5737 3034 5791 duobus
3053 5778 3066 5800 ,
3102 5753 3205 5790 nec
3232 5736 3322 5790 hic
3349 5751 3575 5790 necesse
3606 5745 3885 5804 repetere.

2439 5811 2499 5873 (ί)
2540 5808 2833 5874 Ιιαριίγειν
2866 5809 3054 5875 θυμέν
3081 5809 3198 5874 μὲν
3230 5807 3347 5860 ἀπὸ
3387 5806 3652 5873 καρδίας.
3691 5807 3843 5859 Inter
3879 5817 3951 5858 tot

2367 5879 2519 5932 verbi
2573 5879 2806 5946 παρὰγω
2863 5878 3322 5947 significationes,
3363 5892 3472 5946 qua
3517 5887 3858 5946 usurparunt
3901 5877 3947 5929 ot
