4184 6436
213 419 348 484 loli;

1368 412 1544 473 ALIA
1583 408 1686 469 EX
1719 401 1966 468 VATIC.
2005 403 2294 464 CAPITA.

3332 404 3472 475 1414

213 528 343 595 μίαν
388 526 445 578 δὲ
477 525 585 579 άπδ
616 524 846 597 σαρκὸς,
891 525 1033 579 κατὰ
1073 525 1168 578 τὸν
1226 521 1682 594 Ἐκκλησιαστήνο
1731 516 1789 568 δι’

1902 511 2096 574 corde,
2123 528 2191 564 cx
2226 527 2390 566 carne
2422 527 2553 566 vero
2587 513 2945 583 cupiditatem
2970 515 3032 577 ",
3061 513 3311 579 auferre;
3345 517 3472 584 qui-

211 612 287 671 ὦν
308 620 340 686 ἡ
377 617 595 687 καθαρὰ
615 617 813 688 καρδία
843 616 1124 681 κτίζεσθαι
1157 618 1312 670 εἴωθε
1341 615 1490 685 παρὰ
1513 611 1608 665 τοῦ
1633 629 1791 664 καινο

206 710 534 778 ουργοῦντος
573 709 716 762 Πνεύ
725 727 916 778 ματος.

287 807 374 866 ιγ’.
418 800 490 852 Τὸ
524 799 623 870 μὲν
668 800 776 852 τῶν
823 799 1130 870 βρωμάτων
1164 799 1484 869 ἀπέριττον,
1525 795 1653 866 περὶ
1692 793 1789 862 τὴν

211 889 357 958 ἥττω
385 891 596 959 τρυφῆς
630 892 909 961 ποιότητα·
934 889 993 943 τὸ
1016 889 1073 942 δὲ
1095 889 1202 943 τῶν
1234 889 1492 959 ῥημάτων
1519 884 1788 953 ἀνέγκληο

207 997 324 1042 τον,
357 980 483 1051 περὶ
513 979 608 1051 τὴν
647 982 882 1053 κρείττω
918 980 1019 1051 τῆς
1064 979 1279 1049 σιωπῆς
1324 977 1597 1049 ποσότητα
1641 977 1792 1044 εὑρε-

210 1070 458 1141 θήσεται.

283 1163 372 1217 νδ’.
416 1164 674 1232 Πύρωσον
705 1165 830 1226 τοὺς
861 1160 1090 1232 νεφρούς
1125 1179 1218 1215 σου
1250 1159 1437 1230 ἀσιτίᾳ
1461 1159 1786 1230 βρωμάτων,

210 1259 306 1308 καὶ
347 1255 537 1307 ἕτασον
558 1255 657 1324 τὴν
681 1255 910 1325 καρδίαν
936 1271 1028 1307 σου
1059 1254 1354 1323 ἐγκρατείᾳ
1389 1253 1670 1323 ῥημάτων,
1698 1251 1790 1300 καὶ

208 1346 353 1410 ἕξεις
400 1346 535 1414 πρὸς
582 1345 887 1416 ὑπηρεσίαν
921 1345 1124 1409 καλῶν,
1165 1344 1244 1410 τὺ,
1291 1343 1685 1414 ἐπιθυμητικόν
1730 1360 1788 1394 τε

209 1435 306 1487 καὶ
337 1435 587 1503 θυμικόν.

283 1531 378 1579 γε’.
427 1527 487 1576 Ἡ
541 1526 640 1595 μὲν
688 1525 796 1578 τῶν
836 1525 1218 1596 ὑπογαστρίων
1257 1525 1417 1596 ἡδονὴ
1458 1523 1789 1578 καταπίπτει

211 1618 272 1667 ἐν
320 1617 703 1685 ἀσκουμένοις,
733 1616 827 1670 τοῦ
851 1617 1104 1688 σώματος
1130 1615 1706 1687 παρακμάσαντοςοὲτι
1735 1616 1790 1668 δὲ

213 1708 522 1778 παραμένει
563 1709 660 1762 τοῦ
691 1709 973 1780 φάρυγγος
1005 1709 1094 1780 (j),
1133 1707 1210 1780 τῷ
1243 1709 1318 1778 μὴ
1363 1709 1626 1776 φθάσαντι
1655 1707 1790 1760 ταύ-

210 1817 316 1868 την
346 1800 568 1864 ἐνδίκως
616 1801 864 1854 κολάσαι.
927 1801 1239 1854 Σπουδάσαι
1281 1796 1373 1853 οὖν
1423 1801 1528 1869 χρὴ
1573 1799 1660 1852 διὰ
1693 1799 1790 1869 τῆς

213 1892 413 1953 αἰτίου,
461 1892 555 1946 τοῦ
610 1891 858 1946 αἰτιατοῦ
892 1892 987 1945 τὸν
1031 1892 1338 1964 ὀνειδισμὸν
1365 1893 1790 1960 ἀποτρίψασθαι,

211 1982 291 2044 ὡς
333 1982 399 2035 ἄν
456 1983 533 2053 μὴ
588 1982 738 2047 ξένος
777 1985 956 2038 ἐκεῖσε.
1009 1984 1110 2055 τῆς
1149 1984 1289 2037 κατὰ
1329 1983 1427 2054 τὴν
1469 1983 1794 2053 ἐγκράτειαν

209 2075 416 2144 ἀρετῆς
449 2075 711 2145 εὑρεθεὶς,
751 2078 1070 2148 «aiax-ovili;

289 2174 394 2231 vg'.
441 2169 766 2236 ’.Δναγκαὶον
810 2170 1011 2224 εἰδέναι
1069 2169 1160 2222 τὸν
1211 2170 1474 2240 ἀσκητὴν,
1522 2169 1652 2224 πότε
1699 2171 1795 2224 καὶ

210 2261 326 2312 τίσι
358 2260 611 2330 βρώμασι
631 2263 722 2323 δεῖ
741 2262 1033 2333 dig-£10pr
1055 2256 1273 2333 τρέφειν
1301 2264 1359 2315 τὸ
1402 2262 1560 2332 σῶμα
1591 2263 1753 2316 αὐτοῦ
1775 2279 1787 2292 ·

213 2350 348 2403 πότε
382 2351 438 2404 δὲ
459 2351 539 2415 ὥς
568 2352 722 2421 φίλον
762 2353 1104 2423 παρακαλεῖν
1132 2356 1225 2406 καὶ
1261 2353 1421 2408 πάλιν
1455 2353 1793 2424 παραμυθεῖ-

217 2439 350 2492 σθαι
383 2440 460 2505 ὡς
495 2441 719 2513 ἁσθενῆ’
754 2445 843 2497 ἵνα
876 2445 950 2515 μὴ
985 2445 1122 2514 λάθῃ
1159 2445 1226 2497 τὰ
1257 2446 1356 2515 μὲν
1391 2445 1484 2498 τοῦ
1513 2446 1789 2510 ἀσθενοῦς,

210 2529 294 2600 τῷ
334 2533 493 2602 φίλῳ·
545 2534 614 2588 τά
659 2535 718 2587 δὲ
763 2536 856 2589 τοῦ
907 2537 1061 2605 φίλου
1116 2539 1437 2608 παρατιθεὶς
1481 2540 1560 2609 τῷ
1592 2538 1792 2608 exape-

212 2621 314 2676 καὶ
347 2622 642 2692 ἑκατέρους
691 2623 768 2687 ὡς
812 2626 1193 2694 σκανδαλίσας,
1245 2628 1421 2701 καιρῷ
1487 2629 1791 2699 πειρασμοῦ

214 2711 442 2781 εὑρήσει
475 2713 846 2784 πολεμοῦντας
871 2717 1053 2773 αὐτόν.

292 2883 377 2948 ιζ’.
419 2887 586 2940 Ὅταν
639 2889 737 2959 τῆς
771 2890 986 2961 τρυφῆς
1026 2892 1125 2963 τὴν
1158 2894 1363 2964 τροφὴν
1397 2895 1424 2946 ὁ
1465 2893 1793 2963 τρεφόμενος

213 2979 622 3050 προτιμοτέραν
661 2983 984 3053 ποιήσηται.
1019 2984 1141 3037 τότε
1188 2987 1222 3055 ἡ
1253 2984 1358 3038 τῶν
1393 2985 1644 3055 δακρύων
1671 2988 1792 3036 ὲπι-

215 3068 515 3139 δημήσασα
551 3071 709 3142 χάρις
731 3073 900 3142 αὐτῷ,
949 3075 1286 3144 παρακαλεῖν
1326 3077 1554 3147 ἄρχεται
1581 3077 1677 3128 καὶ
1703 3075 1794 3128 ἄλ-

1894 598 1997 653 bus
2023 600 2315 653 innovator
2339 601 2578 671 Spiritus
2602 604 2768 659 liabet
2789 621 2886 659 cor
2908 605 3173 659 mundum
3198 620 3385 661 creare
3406 608 3468 660 ¹³.

1961 773 2051 828 55.
2081 771 2342 829 Ciborum
2371 776 2588 831 laudata
2619 776 2904 848 frugalitas
2932 789 3096 849 atque
3126 778 3387 848 parcitas,
3419 779 3470 832 in

1893 864 2090 918 minori
2113 881 2275 936 quam
2300 883 2398 936 pro
2419 868 2635 924 deliciis
2656 870 2948 939 qualitate;
2977 872 3266 925 verborum
3288 882 3471 926 autem

1891 956 2040 1009 omni
2074 973 2276 1012 vacans
2311 961 2742 1028 reprehensione
2775 959 3147 1030 indulgentia,
3181 962 3234 1014 in
3270 961 3470 1030 potiori

1891 1061 2050 1114 quam
2085 1062 2184 1115 pro
2211 1047 2432 1102 silentio
2461 1049 2770 1104 invenietur
2794 1050 3120 1119 quantitate.

1960 1141 2122 1212 647
2141 1142 2228 1196 54.
2251 1142 2360 1197 Ure
2387 1159 2548 1197 renes
2571 1153 2695 1197 tuos
2720 1146 2971 1198 ciborum
3003 1144 3208 1205 inedia,
3230 1151 3285 1198 et
3305 1144 3472 1212 proba

1891 1248 1990 1286 eor
2009 1242 2164 1286 tuum
2192 1233 2487 1287 verborum
2513 1236 2864 1299 abstinentia,
2889 1236 3228 1305 babebisque
3255 1236 3477 1290 virtutis

1891 1325 2202 1379 ministerio
2251 1325 2652 1396 obsequentes,
2707 1327 3026 1398 cupiditatis
3052 1329 3256 1398 iraeque
3307 1327 3476 1381 facul-

1893 1425 2082 1470 talem.

1964 1510 2048 1562 iiii.
2092 1511 2459 1565 Venereorum
2490 1512 2762 1581 voluptas,
2792 1521 3199 1566 cntarcescentc
3226 1511 3474 1581 corporis

1891 1601 2056 1670 pube,
2084 1603 2343 1666 concidit,
2368 1604 2422 1656 in
2453 1603 2520 1657 iis
2542 1604 2636 1672 qui
2660 1603 2881 1657 virtutis
2904 1605 3150 1672 palmstra
3175 1611 3434 1656 exercent
3459 1621 3471 1655 :

1890 1692 2072 1745 adhuc
2110 1702 2292 1746 tamen
2327 1702 2550 1747 manent
2577 1695 2713 1764 gula:
2743 1695 3104 1757 irritamenta,
3135 1695 3207 1754 ei,
3241 1693 3335 1762 qui
3363 1709 3475 1746 non

1892 1795 2020 1838 ante
2061 1799 2181 1836 eam
2231 1783 2414 1837 debita
2465 1785 2670 1837 ultione.
2717 1786 3088 1854 castigaverit.
3140 1784 3476 1838 Enitendum

1894 1874 2058 1945 igitur
2090 1881 2192 1937 est,
2226 1884 2285 1928 ut
2315 1891 2413 1944 per
2451 1891 2693 1939 causam,
2723 1875 2953 1930 effectus
2984 1876 3248 1946 probrum
3281 1877 3475 1941 elidas,

1894 1981 1964 2024 ne
1987 1975 2284 2020 extraneos
2307 1967 2376 2020 ab
2401 1968 2744 2022 abstinentia:
2771 1984 2867 2022 seu
2895 1968 3248 2022 continentia:
3272 1969 3478 2022 virtute

1896 2058 2008 2112 illic
2038 2058 2318 2122 inventus,
2353 2057 2728 2113 eonfundaris.

1962 2150 2050 2204 56.
2091 2151 2373 2210 Exercens
2426 2149 2494 2203 ad
2547 2151 2843 2218 pietatem,
2900 2150 3040 2204 sciat
3093 2166 3319 2205 necesse
3369 2160 3475 2213 est,

1892 2242 2244 2312 quand-onata
2294 2249 2353 2296 et
2405 2242 2611 2310 quibus
2661 2241 2801 2296 cibis
2851 2241 3108 2296 alendum
3164 2258 3365 2312 corpus
3418 2251 3480 2296 ut

1894 2333 2103 2398 bustis;
2161 2333 2385 2401 quando
2430 2334 2556 2386 item
2613 2333 2977 2386 recreandum
3032 2342 3092 2386 ut
3137 2333 3368 2395 amicus,
3414 2350 3479 2388 ac

1892 2442 2086 2482 rursus
2116 2424 2338 2494 quando
2367 2424 2415 2477 ei
2450 2425 2760 2478 adhibenda
2795 2425 2988 2478 solatia
3027 2435 3283 2494 tanquam
3321 2425 3477 2478 inﬁr—

1896 2535 1986 2572 mo
2008 2538 2018 2572 :
2045 2535 2112 2572 ne
2136 2535 2233 2588 per
2255 2519 2702 2596 imprmlentiam,
2722 2532 2844 2586 qua:
2867 2524 2995 2569 sunt
3021 2516 3243 2578 infirmi,
3263 2517 3472 2582 amico;

1893 2617 1947 2664 et
1970 2626 2090 2680 quae
2122 2610 2303 2673 amici,
2332 2609 2475 2666 hosti
2503 2607 2864 2677 apponendo;
2894 2622 2956 2660 ac
2983 2606 3135 2660 velut
3163 2606 3256 2676 qui
3291 2616 3474 2660 utros-

1893 2717 1998 2770 que
2023 2701 2500 2765 scandalizaverit,
2525 2700 2775 2768 utrisque
2804 2699 2857 2757 in
2888 2707 3132 2767 tempore
3160 2698 3478 2753 tentationis

1895 2803 2083 2846 utatur
2113 2793 2364 2846 infensis.

1964 2885 2052 2939 57.
2092 2885 2228 2938 Cum
2259 2885 2304 2938 is
2333 2884 2426 2953 qui
2458 2885 2720 2937 alimento
2747 2883 2942 2947 utitur,
2970 2885 3106 2953 gulzc
3138 2883 3352 2937 deliciis
3383 2900 3479 2937 nc-

1893 2977 2194 3031 eessarium
2229 2977 2413 3030 cibum
2458 2975 2798 3044 przetulcrit,
2843 2984 2972 3028 tunc
3003 2975 3272 3029 accedens
3305 2974 3479 3044 laery-
3551 2996 3559 3005 -

1894 3083 2107 3120 marum
2150 3068 2358 3136 gratia,
2395 3069 2646 3136 ingerere
2690 3067 2884 3135 incipit
2924 3083 2986 3119 ac
3025 3069 3277 3130 suadere,
3323 3077 3383 3119 ut
3420 3076 3477 3120 ct

217 3159 322 3226 λης
346 3161 525 3224 πάσης
552 3162 814 3232 ἡδύτητος
848 3165 1324 3232 ἐπιλανθάνεσθαι,
1360 3167 1433 3228 ὡς
1459 3166 1560 3235 ἠδη
1587 3165 1789 3218 τούτων

1895 3174 2110 3212 omnem
2139 3159 2298 3212 aliaat
2332 3159 2680 3212 dulcedinem
2711 3157 3092 3220 obliviscatur,
3126 3175 3247 3227 qua:
3281 3159 3474 3212 barum

218 3248 620 3321 καταποθείσης
645 3252 958 3324 άσυγκρίτῳ
1007 3255 1250 3326 ήδύτητι.

293 3349 395 3411 νη’.
435 3342 525 3412 Τῷ
561 3343 658 3413 μὲν
697 3345 1086 3417 πλατυνομένῳ
1119 3349 1417 3420 συνεστάλη
1451 3350 1519 3402 τὰ
1563 3352 1790 3420 δάκρυα·

216 3432 486 3504 ἐξεϐλύθη
515 3434 571 3490 δὲ
601 3435 797 3500 ταῦτα,
829 3436 907 3506 τῷ
931 3438 1030 3508 τὴν
1065 3439 1256 3510 στενὴν
1277 3441 1394 3494 ὁδὸν
1424 3443 1786 3512 ἀγαπήσαντι.

290 3603 388 3658 νϐ’.
425 3606 538 3660 Οὐκ
571 3606 720 3661 ἔστιν
744 3607 920 3678 λύπης
942 3611 1116 3675 ἐκτὸς,
1151 3609 1273 3663 οὔτε
1306 3613 1648 3682 ἁμαρτωλὸς,
1668 3612 1792 3667 οὔτε

215 3695 448 3760 δίκαιος
487 3698 601 3751 ἀλλ’
627 3701 655 3751 ὀ
697 3700 818 3770 μὲν,
853 3702 936 3754 ὃτι
984 3703 1059 3771 μὴ
1092 3703 1266 3774 πάντη
1316 3705 1582 3757 ἀπέλιπεν
1609 3708 1667 3758 τὸ
1696 3725 1792 3760 κα-

215 3787 336 3841 κόν·
369 3788 396 3838 ὸ
427 3788 504 3855 δὲ,
535 3790 616 3847 ὅτι
653 3789 806 3844 οὔπω
847 3791 1115 3846 κατέλαϐε
1154 3794 1213 3846 τὺ
1244 3793 1411 3857 ὄντως
1441 3794 1620 3848 καλόν.

290 3978 354 4042 ξ’.
396 3978 516 4031 Τῶν
553 3979 638 4047 ἐφ’
667 3981 798 4052 ἡμῖν
841 3981 939 4050 μὲν
981 3981 1122 4036 κατὰ
1149 3981 1375 4052 δύναμιν
1406 3985 1621 4054 ἀρεταὶ,
1656 3985 1788 4055 εὐχὴ

211 4069 312 4123 καὶ
342 4070 540 4137 σιωπή’
579 4068 686 4122 τῶν
725 4070 822 4122 οὐκ
858 4071 944 4138 ἐφ’
977 4072 1108 4140 ἡμῖν
1142 4071 1219 4133 δὲ,
1260 4072 1373 4123 ἀλλ’
1417 4073 1492 4135 ὡς
1521 4073 1588 4125 τὰ
1623 4074 1790 4127 πολλὰ

208 4158 317 4228 τῆς
346 4157 441 4210 τοῦ
476 4159 726 4229 σώματος
758 4161 1122 4232 κατασκευῆς,
1151 4163 1374 4230 νηστεία
1395 4165 1488 4215 καὶ
1517 4165 1790 4234 ἀγρυπνία

210 4249 377 4302 εἰσίν.
415 4252 592 4321 Ὅπερ
637 4249 731 4305 οὖν
770 4252 849 4323 τῷ
882 4253 1155 4324 ἀγωνιστῇ
1186 4253 1600 4326 εὐληπτότερον,
1634 4257 1790 4311 τοῦτο

213 4341 587 4419 μετέρχεσθαι
621 4345 750 4414 χρή.

1889 3248 1999 3317 jam
2037 3248 2452 3317 inconq‘narabili
2484 3248 2775 3300 dulcedine
2807 3248 3064 3318 absorpta
3098 3251 3190 3302 sit.

1964 3341 2049 3394 58.
2097 3341 2159 3394 Ei
2190 3340 2282 3408 qui
2319 3339 2580 3392 dilatatur
2607 3379 2621 3400 ,
2659 3346 2940 3391 contracta
2984 3349 3067 3392 est
3106 3340 3473 3408 laet'vmarum

1892 3429 2010 3494 vis;
2049 3430 2228 3482 fluunt
2259 3439 2440 3481 autem
2471 3429 2620 3497 largo
2643 3427 2812 3490 fonte,
2843 3428 2943 3491 illi,
2969 3429 3063 3498 qui
3093 3430 3232 3482 viam
3265 3438 3472 3484 arctam

1893 3523 2104 3576 dilexit.

1964 3614 2050 3666 59.
2094 3614 2204 3666 Nec
2262 3621 2523 3680 peccator
2575 3612 2794 3681 aliquis,
2855 3629 2958 3666 nec
3007 3613 3208 3683 justus,
3261 3615 3472 3669 doloris

1892 3705 2060 3759 animi
2086 3720 2280 3773 expers
2310 3703 2525 3781 exsistit
2555 3722 2566 3756 :
2605 3704 2699 3757 sed
2731 3703 2877 3756 dolet
2910 3705 3002 3756 ille
3036 3705 3283 3775 quidem,
3323 3707 3471 3775 quod

1891 3811 2000 3848 non
2030 3795 2254 3848 omnino
2284 3795 2484 3846 malum
2524 3793 2807 3860 reliquerit
2835 3811 2847 3858 ;
2883 3794 2972 3847 liic
2994 3810 3146 3858 vero,
3177 3795 3320 3864 quod
3343 3812 3470 3851 nce-

1891 3887 2021 3941 dum
2080 3887 2224 3954 quod
2253 3895 2334 3938 est
2363 3901 2488 3938 vere
2523 3885 2724 3938 bonum
2759 3885 2993 3953 adeptus
3023 3887 3112 3940 sit.

1960 3977 2049 4031 60.
2080 3977 2283 4028 Eorum
2311 3989 2430 4043 qua:
2457 3974 2510 4026 in
2536 3983 2721 4027 nostra
2749 3982 2878 4028 sunt
2905 3974 3186 4038 facultate,
3211 3975 3465 4040 virtutes,

1890 4068 2068 4123 oratio
2093 4074 2149 4120 et
2181 4066 2462 4125 silentium
2495 4083 2507 4118 :
2539 4080 2732 4118 eorum
2767 4082 2920 4130 vero,
2955 4081 3075 4134 qua;
3107 4082 3215 4120 non
3254 4077 3380 4120 sunt
3416 4069 3468 4134 in

1890 4158 2170 4220 facultate,
2196 4157 2288 4210 sed
2321 4157 2644 4225 plerumque
2666 4171 2732 4210 ex
2758 4161 3009 4225 corporis
3037 4165 3468 4227 temperamento

1890 4249 2165 4320 pendent,
2197 4248 2465 4316 jejunium
2513 4258 2568 4301 et
2618 4247 2837 4318 vigilia}.
2874 4249 3028 4315 Quod
3083 4248 3250 4317 igitur
3297 4250 3466 4319 pugili

1891 4341 2065 4410 magis
2104 4339 2457 4407 expeditum,
2494 4339 2549 4392 id
2586 4355 2717 4394 vero
2758 4357 2982 4396 necesse
3016 4357 3140 4395 eum
3191 4343 3370 4396 colere
3413 4349 3469 4408 et

1890 4445 2167 4486 CXCI‘CDI‘C.

289 4519 396 4584 51'.
430 4518 592 4583 Οἶκος
625 4521 723 4591 μὲν
773 4520 961 4590 εὐχῆς,
995 4522 1030 4591 ἠ
1081 4521 1347 4590 ὑπομονή-
1378 4523 1789 4593 περικρατεῖται

1966 4521 2054 4576 6f.
2090 4523 2297 4574 Domus
2351 4521 2638 4588 orationis,
2683 4526 2946 4594 patientia
2991 4534 3113 4590 est;
3163 4525 3283 4594 ejus
3319 4525 3466 4585 enim

287 4678 332 4708 "
364 4678 547 4732 Eccle.
581 4692 654 4733 ιι.
695 4675 779 4730 10.
857 4675 900 4706 ¹³
926 4675 1064 4731 Psal.
1103 4689 1153 4738 L,
1183 4674 1268 4738 12.

204 4830 462 4904 [:XXin
506 4847 573 4886 eo
616 4832 828 4904 Eccles.
865 4833 1176 4904 locoanon
1209 4833 1504 4887 admodum
1551 4835 1794 4904 probatis

201 4901 421 4973 Graecis
455 4903 774 4973 auctoribus
812 4903 958 4957 trita.
988 4902 1160 4957 Alline
1191 4913 1378 4973 tamen
1419 4912 1523 4967 est,
1554 4901 1700 4973 quod
1738 4907 1791 4960 in

203 4972 454 5042 plurium
495 4973 700 5041 majore
740 4972 969 5035 Lexico,
1007 4973 1141 5026 alias
1174 4971 1522 5042 Crispiniano
1558 4971 1794 5030 refertur

202 5041 512 5115 ex_Plutar.
536 5042 589 5115 i_n
619 5042 861 5106 Romulo,
879 5043 1112 5104 Τούτους
1140 5041 1394 5115 ἐξέκρουε
1427 5045 1520 5096 καὶ
1545 5046 1792 5115 παρῆγεν

200 5114 236 5165 ὁ
273 5111 494 5184 Τάτιος.
531 5111 699 5176 Quasi
738 5116 993 5184 expunxit
1028 5130 1090 5166 ac
1125 5111 1318 5184 missos
1344 5114 1462 5182 fecit
1497 5131 1515 5168 :
1549 5111 1791 5183 quod—ct

201 5197 318 5235 vox
351 5180 614 5253 llcbraica
643 5180 1005 5245 sonat'ﬁnz'm
1037 5180 1433 5253 trausirefcrit.
1460 5180 1615 5253 Apud
1648 5186 1788 5240 Pau-

199 5253 350 5324 lum,
372 5252 452 5314 τὸ,
483 5253 730 5323 Παράγει
760 5255 869 5324 γὰρ
897 5254 956 5306 τὸ
989 5253 1180 5324 σχῆμα
1205 5252 1299 5305 τοῦ
1336 5252 1538 5324 κόσμου
1574 5256 1784 5317 τούτου,

199 5323 224 5377 l
277 5321 405 5376 Cor.
440 5338 547 5386 vtt,
573 5321 643 5378 3|
670 5363 684 5385 ,
720 5321 867 5392 quod
910 5321 1057 5392 vulg.
1086 5321 1340 5378 'Prartcrit
1384 5321 1559 5392 ﬁgura
1602 5329 1787 5381 ntuurli

198 5393 402 5464 hujus;
441 5392 682 5464 perinde
730 5394 882 5448 reddi
935 5403 1121 5463 posset
1168 5411 1181 5446 :
1234 5392 1425 5464 Fallax
1475 5403 1551 5447 est
1595 5399 1786 5464 species

199 5462 396 5533 mundi
429 5463 604 5532 hujus,
628 5465 773 5533 quod
810 5462 1021 5518 scilicet
1051 5463 1365 5518 mortalium
1401 5465 1574 5519 oculis
1609 5462 1661 5518 in
1697 5483 1786 5521 re-

197 5533 316 5586 bus
348 5531 600 5605 ltumanis
633 5531 844 5605 objicit,
876 5550 904 5588 a
936 5534 1137 5605 quibus
1168 5533 1370 5605 Paulus
1391 5533 1783 5605 discipulorum

196 5611 406 5674 avocat
445 5602 676 5674 animos,
705 5602 783 5658 ἠε
827 5620 884 5658 se
930 5605 1038 5657 illis
1075 5604 1376 5658 demcutari
1415 5602 1617 5669 sinant,
1653 5607 1785 5674 ipsis

195 5670 559 5735 adlnerendo,
585 5674 679 5727 sed
705 5675 877 5741 magis
902 5674 966 5727 ad
997 5689 1060 5727 ea
1085 5689 1205 5742 qua:
1231 5689 1358 5727 vere
1389 5684 1516 5727 sunt
1540 5670 1781 5732 studium

193 5757 370 5795 omne
405 5743 762 5813 transferant,
799 5745 903 5798 levi
941 5745 1119 5798 solum
1156 5759 1339 5796 rerum
1375 5759 1475 5797 usu
1511 5747 1780 5813 permisso

194 5825 270 5868 ac
295 5811 511 5882 qualem
541 5814 666 5868 vitae
691 5815 986 5871 necessitas
1013 5815 1119 5868 alio
1145 5811 1534 5867 festinantibus
1560 5822 1786 5872 omnino

1896 4837 2154 4908 postulat.
2181 4839 2285 4893 Pro
2311 4836 2602 4908 ἐπιθυμίας
2627 4836 2782 4908 Vulg,
2807 4837 3037 4900 malitia,
3061 4853 3127 4891 ex
3152 4837 3288 4893 ch.
3312 4841 3468 4905 cujus

1894 4907 2046 4963 vocis
2073 4910 2366 4977 explicatio
2394 4907 2500 4969 est,
2529 4907 2607 4970 τὸ,
2637 4907 2924 4976 ἐπιθυμία
2957 4908 3073 4962 hinc
3102 4910 3248 4964 enim
3287 4912 3468 4974 carnis

1894 4980 2098 5032 malitia
2125 4994 2219 5030 seu
2249 4980 2473 5038 vitium,
2501 4978 2937 5046 concupiscentia.

1965 5050 2030 5116 ιθ)
2079 5050 2206 5100 Ἔτι
2257 5048 2324 5099 δὲ
2375 5046 2700 5118 παίαμένει
2745 5047 2852 5099 τοῦ
2887 5047 3224 5118 φάρυγγος·
3263 5049 3468 5118 Nempe

1892 5117 2238 5173 diuturniora
2282 5118 2419 5186 guia:
2462 5117 2669 5187 praelia,
2703 5133 2804 5171 nec
2845 5117 2946 5170 nisi
2989 5129 3158 5172 morte
3198 5117 3465 5185 finienda;

1891 5189 2038 5257 quod
2086 5187 2292 5241 absolvi
2339 5203 2366 5240 a
2413 5187 2725 5240 necessario
2765 5187 3016 5241 ciborum
3064 5203 3186 5252 usu,
3224 5191 3467 5257 quandiu

1890 5259 2000 5312 vita
2029 5267 2305 5326 superstes
2333 5267 2437 5315 cst.
2465 5259 2688 5310 minime
2714 5257 2900 5320 liceat;
2934 5258 3022 5311 cui
3052 5260 3344 5328 conjuncta
3377 5261 3467 5315 illa

1895 5330 2032 5397 gula:
2091 5328 2376 5396 voluptas,
2431 5329 2546 5396 ipsa
2606 5328 2912 5382 necessaria
2967 5328 3187 5396 Deoque
3245 5340 3468 5385 auctore

1896 5399 2081 5458 insita,
2109 5397 2354 5466 quandiu
2386 5399 2546 5466 justa:
2580 5397 2976 5452 mediocritatis
3006 5399 3226 5452 modum
3265 5412 3466 5454 servat.

1895 5469 2064 5523 Secus
2089 5468 2155 5521 de
2181 5483 2543 5538 venereorum
2571 5467 2868 5536 voluptate.
2891 5468 3140 5522 ordinata
3167 5468 3234 5522 ad
3265 5470 3465 5538 speciei

1893 5537 2396 5600 conservationem,
2433 5539 2587 5607 cujus
2623 5537 2701 5590 rei
2737 5553 2964 5599 lllllnllS,
2999 5553 3100 5592 nec
3140 5539 3206 5592 ad
3246 5537 3464 5603 omnes,

1891 5624 1994 5662 nec
2021 5622 2119 5677 pro
2140 5607 2291 5660 omni
2315 5617 2459 5662 statu
2485 5615 2580 5659 aut
2599 5613 2758 5661 actate
2781 5616 3009 5675 spectat.
3035 5609 3164 5662 Erat
3186 5610 3464 5676 mendose,

1890 5678 2228 5744 παρειμένον
2270 5677 2364 5730 τοῦ
2403 5677 2703 5744 φάρυγγος·
2731 5693 2850 5744 quae
2885 5678 2964 5731 sic
3003 5687 3188 5747 aperta
3227 5679 3464 5746 imperiti

1893 5749 2086 5802 scriba:
2118 5747 2336 5804 menda.
2372 5747 2540 5799 nolim
2573 5761 2900 5814 excoquere,
2926 5758 3018 5801 aut
3056 5749 3277 5816 possim,
3307 5750 3461 5806 inde-

1895 5835 2000 5888 quc
2030 5818 2222 5872 lectori
2248 5817 2523 5885 negotium
2548 5817 2833 5870 facessere.
