4184 6436
269 412 403 476 iiii

1454 406 1624 463 ALIA
1668 405 1767 462 EX
1805 406 2045 465 VATIC.
2088 407 2370 466 CAPITA.

3407 413 3540 476 1413

262 525 355 574 οἰα
392 519 442 570 οἰ
471 516 620 585 λόγοι
654 514 753 583 τῆς
779 512 998 567 αἰωνίου
1025 510 1172 582 ζωῆς
1220 507 1607 570 ἀποστάζουσι.
1636 507 1731 567 Τίς
1758 503 1850 559 οὖν

1956 510 2029 563 ιιιί
2084 510 2267 574 labiis,
2316 511 2471 564 Velut
2516 512 2620 566 favi
2671 514 2849 568 mellis
2895 514 3107 569 stillant
3156 515 3280 570 vita:
3324 529 3541 571 attenta-

260 608 519 678 ἀξιωθείη
573 610 686 669 τοῖς
735 605 970 676 χείλεσιν
1015 604 1253 664 ἐκείνοις
1295 598 1571 670 προσάψαι
1609 599 1679 649 τὰ
1718 598 1848 661 ἴδια,

262 702 358 754 καὶ
394 698 618 767 μασθῶν
648 696 751 749 ἀνά
784 695 947 765 μέσον
970 694 1140 763 αὐτῆς
1178 690 1527 760 αὐλισθῆναι,
1557 689 1649 741 καὶ
1677 688 1850 757 ὀσμῆς

265 790 453 861 ἡδείας
481 786 806 857 μεταϐαλεῖν
836 783 1065 853 ἱματίων
1094 784 1343 851 ἐκείνηςς
1373 780 1640 843 τουτέστι,
1667 779 1851 847 νόμοις

261 878 625 947 ὲνηδυνθῆναι
657 876 764 928 τῶν
800 874 1034 945 ἀρετῶν,
1059 873 1171 926 τῶν
1222 870 1368 939 ὑπὲρ
1411 870 1589 922 πάντα
1621 871 1755 940 φησί
1783 867 1851 920 τὰ

264 971 539 1043 ἀρώματα
570 970 701 1024 ὄντα
730 970 827 1040 τῆς
854 968 1118 1038 αἰσθητῆς
1149 963 1514 1034 διαγνώσεως.

334 1148 429 1202 οε’.
472 1148 579 1202 Τοῦ
615 1149 715 1220 μὲν
756 1148 1034 1219 ὁρωμένου
1077 1147 1349 1217 σώματος,
1393 1146 1541 1198 πᾶσα
1573 1143 1719 1215 ψυχὴ
1752 1162 1851 1211 γυ-

264 1241 636 1310 μνωθήσεταιο
668 1240 762 1293 τοῦ
810 1240 867 1293 δὲ
916 1241 1015 1310 τῆς
1044 1238 1341 1310 ἁμαρτίας,
1380 1239 1432 1290 οἰ
1474 1237 1571 1307 τῆς
1614 1237 1850 1290 ἐνταῦθα

263 1332 412 1402 ζωῆς
438 1334 607 1400 ὀλίγοι
636 1333 745 1387 τῶν
784 1333 955 1404 ἡδέων
982 1332 1564 1403 προσαπολαύσαντες.

343 1432 451 1490 ος’.
502 1426 707 1497 Νεκροί
747 1426 847 1497 μὲν
883 1429 947 1480 ὲκ
987 1426 1207 1490 ζώντων
1238 1425 1302 1495 (ί)
1346 1424 1551 1486 πάντες
1580 1422 1849 1491 ὀφθήσον-

262 1532 377 1567 ται·
408 1517 846 1587 νεκρωθήσονται
878 1516 936 1569 δὲ
973 1519 1040 1587 τῇ
1072 1515 1319 1586 ἁμαρτίᾳ.
1357 1513 1511 1583 μόνοι
1545 1514 1593 1565 oi
1641 1513 1706 1564 ὲκ
1732 1512 1847 1564 δια-

265 1607 472 1670 θέσεως
505 1607 709 1677 ταύτην
745 1608 1099 1679 μισήσαντες.

339 1699 436 1763 (ιζ’.
469 1700 563 1761 Τίς
607 1699 799 1753 ἑαυτὸν
837 1699 944 1769 πρὸ
977 1698 1070 1751 τοῦ
1110 1697 1292 1751 κοινοῦ
1321 1696 1555 1751 θανάτου
1598 1695 1692 1749 τοῦ
1741 1697 1848 1748 σώ-

268 1810 440 1861 ματος
497 1792 593 1845 ἴδοι
637 1793 733 1863 τῆς
774 1791 1053 1862 ἁμαρτίας
1102 1792 1345 1861 γυμνόνς
1379 1792 1474 1843 καὶ
1516 1789 1602 1851 τίς
1635 1789 1663 1839 ὁ
1690 1790 1849 1856 γνοὺς

1960 602 2125 656 verba
2160 602 2223 654 ⁸⁸.
2256 602 2487 656 Cuinam
2516 603 2684 672 igitur
2713 605 2963 674 obtingat
2992 616 3051 661 ut
3081 623 3180 661 sua
3215 608 3322 661 illis
3353 608 3542 663 admo-

1958 703 2082 747 veat
2113 695 2274 757 labia,
2306 705 2362 749 et
2388 702 2446 747 ut
2475 695 2619 748 inter
2642 696 2761 765 ejus
2790 697 2957 750 ubera
2982 708 3257 762 versetur,
3284 699 3542 769 illiusque

1959 786 2174 837 alllctur
2212 786 2669 840 vestimentorum
2704 785 2893 840 odoris
2926 786 3299 857 fragantia"?
3334 788 3541 858 Nempe

1959 877 2229 930 virtutum
2262 878 2473 946 legibus
2499 877 2829 943 delectetur,
2858 895 2981 949 qua:
3003 896 3169 949 super
3192 882 3375 936 omnia
3418 890 3540 936 aro;

1959 978 2101 1023 mata
2136 976 2295 1035 sunt,
2332 971 2449 1041 ejus
2491 973 2823 1042 cognitionis
2855 981 2911 1027 et
2935 972 3132 1045 judicii
3160 975 3305 1045 quod
3345 990 3541 1030 sensus

1957 1062 2007 1111 vi
2046 1061 2299 1115 habetur.

2031 1153 2117 1206 75.
2156 1152 2398 1223 Corpore
2445 1156 2620 1211 oculis
2662 1154 2931 1229 subjecto,
2982 1158 3165 1213 anima
3216 1158 3395 1212 omnis
3438 1174 3538 1211 nu-

1956 1245 2211 1313 dabitur;
2254 1247 2464 1317 peccati
2503 1257 2684 1303 autem
2718 1264 2950 1318 corpore
2973 1290 2986 1313 ,
3023 1249 3180 1319 pauci
3214 1265 3280 1303 ex
3311 1248 3419 1302 illis
3445 1248 3537 1317 qui

1956 1340 2082 1393 vita:
2109 1340 2274 1409 hujus
2303 1339 2519 1393 deliciis
2551 1339 2709 1409 potiti
2742 1349 2890 1393 sunt.

2030 1431 2116 1485 76.
2158 1432 2359 1486 Mortui
2387 1448 2452 1486 ex
2490 1431 2825 1495 viventibus,
2851 1446 3043 1485 omnes
3068 1431 3290 1501 quidem
3321 1430 3536 1500 conspi-

1956 1524 2175 1579 cientur
2203 1543 2216 1579 :
2250 1526 2344 1581 sed
2377 1526 2456 1580 illi
2487 1527 2750 1581 duntaxat
2784 1534 3007 1596 peccato
3038 1525 3535 1581 mortiﬁcabuntur.

1956 1617 2051 1688 qui
2080 1634 2148 1673 ex
2172 1618 2357 1672 animo
2392 1619 2526 1672 illud
2558 1618 2798 1673 oderint.

2028 1713 2116 1764 77.
2158 1710 2292 1776 Quis
2317 1720 2446 1764 ante
2475 1725 2823 1764 communem
2858 1721 3089 1766 mortem
3132 1709 3404 1780 corporis,
3433 1726 3537 1763 nu-

1958 1802 2088 1857 dum
2116 1818 2173 1856 se
2200 1818 2231 1855 a
2264 1810 2490 1871 peccato
2518 1802 2756 1856 viderit?
2784 1802 2977 1870 quisve.
3007 1802 3244 1872 seipsum
3274 1818 3538 1873 suamque

267 1886 435 1936 αὐτόν
464 1902 523 1936 τε
557 1884 651 1936 καὶ
680 1883 778 1953 τὴν
811 1884 947 1935 ἰδίαν
1000 1882 1184 1950 φύσιν,
1233 1883 1395 1936 ὁποία
1440 1880 1564 1934 ἐστὶ
1610 1879 1717 1950 πρὸ
1753 1881 1852 1955 τῇς

1956 1895 2198 1950 indolem
2230 1904 2356 1950 ante
2384 1895 2626 1948 futuram
2658 1894 3082 1949 denudattonem
3114 1894 3366 1949 noverit?

2307 1972 2323 1995 ,
2401 1968 2404 1973 -
3021 1978 3025 1984 .

276 1974 581 2045 μελλούσης
629 1974 999 2044 γυμνώσεωςς

894 2105 1002 2159 Τοῦ
1035 2106 1221 2159 αὑτοῦ.

383 2221 603 2291 Ψυχὴν
633 2220 803 2289 ἔρωτι
853 2217 1130 2291 νυμφικῷ
1162 2216 1567 2291 τετρωμένην,

376 2284 557 2363 Eoi-ii
586 2284 1120 2345 σύνάπτεινίόῑδεὺ·
1148 2284 1279 2341 ὧδέ
1298 2284 1556 2357 νυμφίῳ.

336 2412 439 2477 7.vj'.
472 2404 579 2458 Τοῦ
629 2404 890 2475 αἰσθητοῦ
936 2421 996 2457 τε
1041 2404 1134 2457 καὶ
1166 2402 1355 2474 νοεροῦ
1386 2402 1562 2470 φωτὸς
1592 2403 1624 2471 ἡ
1660 2400 1853 2471 λογικὴ

266 2504 330 2554 ὲν
362 2499 598 2571 μεθορίῳ
626 2498 852 2569 κειμένη
884 2496 1051 2567 ψυχὴ,
1094 2496 1182 2550 διὰ
1222 2497 1319 2566 μὲν
1342 2495 1558 2557 τούτου,
1590 2495 1725 2564 ὁρᾷν
1760 2496 1854 2545 καί

266 2592 535 2663 πράττειν
564 2593 633 2644 τὰ
676 2589 768 2643 τοῦ
818 2588 1069 2660 σώματος
1096 2588 1401 2659 ἐπετράπη*
1436 2586 1504 2639 δι’
1535 2587 1743 2639 ἐκείνου
1774 2585 1849 2647 δὲ,

263 2686 339 2737 τὰ
365 2684 455 2737 τοῦ
485 2683 814 2753 πνεύματος.
853 2682 993 2734 Ἀλλ’
1025 2680 1216 2751 ἐπειδὴ
1244 2678 1547 2750 ἠμαυρώθη
1584 2680 1679 2749 μὲν
1710 2679 1850 2748 αὐτῇ

265 2776 479 2836 ἐκεῖνο,
525 2772 810 2844 ὲτρανώθη
857 2772 914 2825 δὲ
955 2769 1135 2831 τοῦτο,
1166 2770 1255 2823 διὰ
1299 2770 1398 2841 τὴν
1436 2770 1672 2842 ἀρχῆθεν
1724 2784 1852 2819 συν-

266 2866 481 2936 ήθειαν,
503 2867 551 2917 εἰ
588 2866 661 2935 μὴ
701 2864 838 2927 ὅλως
871 2864 1011 2933 μετά
1051 2859 1146 2915 τοῦ
1186 2861 1376 2933 νοεροῦ
1406 2862 1465 2914 ὲν
1493 2863 1558 2932 τῇ
1600 2860 1739 2931 εὑχῇ
1762 2860 1852 2929 γέ-

266 2974 454 3025 νηται,
489 2955 685 3017 ὑλικῶς
739 2956 853 3016 τοῖς
904 2951 1070 3014 θείοις
1126 2949 1454 3014 ὲνατενίζειν
1510 2949 1569 3002 οὑ
1606 2949 1849 3002 δύναται.

281 3051 524 3118 Ἀνάγκη
556 3048 613 3100 δὲ
649 3043 790 3100 εἰναι
830 3046 1001 3116 αὐτὴν
1050 3046 1107 3096 ἐν
1155 3042 1466 3114 μεταιχμίῳ
1498 3042 1723 3106 σκότους
1760 3043 1852 3094 καὶ

266 3144 470 3213 φωτός
507 3142 650 3195 κατά
693 3142 877 3211 σχέσιν
907 3140 1006 3209 μὲν
1038 3136 1251 3201 τούτου,
1283 3136 1427 3190 κατὰ
1458 3135 1515 3187 δὲ
1546 3136 1851 3204 φαντασίαν

265 3238 479 3292 ἐκείνου
511 3234 1022 3305 ἀναστρεφομένην.

2599 2107 2879 2177 Ejusdem.

2060 2224 2310 2277 Animum
2347 2220 2537 2291 Sponsi
2570 2240 2751 2276 amore
2788 2224 3049 2283 saucium,

2060 2294 2148 2347 Sic
2184 2294 2356 2347 oratio
2388 2293 2593 2362 Sponsa
2632 2293 2883 2363 copulare
2920 2295 3083 2346 novit.

2027 2404 2114 2458 78.
2155 2405 2350 2459 Anima
2376 2405 2587 2459 ratione
2615 2416 2793 2469 utens,
2821 2420 2948 2459 cum
2972 2405 3028 2459 in
3052 2404 3192 2459 lucis
3217 2418 3379 2458 sensu
3410 2419 3538 2473 per-

1955 2497 2231 2567 ceptibilis
2256 2498 2537 2567 animique
2577 2496 2934 2567 intelligentis
2964 2496 3205 2551 conﬁnio
3239 2496 3538 2549 constituta

1954 2591 2054 2654 sit;
2091 2590 2261 2644 altera
2289 2589 2537 2660 quidem,
2567 2604 2691 2658 qua:
2718 2596 2851 2643 sunt
2878 2587 3129 2658 corporis
3158 2587 3349 2641 videre
3375 2596 3538 2655 atque

1953 2698 2115 2751 agere
2168 2682 2246 2735 illi
2297 2696 2621 2737 concessum
2672 2691 2793 2748 est;
2840 2681 3011 2735 altera
3049 2696 3204 2743 vero,
3249 2695 3369 2749 qua:
3413 2691 3541 2734 sunt

1954 2774 2202 2843 spiritus.
2232 2772 2371 2839 Quia
2406 2783 2589 2828 tamen
2618 2774 2821 2828 mentis
2848 2774 2943 2828 lux
2982 2790 3047 2828 ac
3074 2773 3433 2843 intelligentia
3461 2772 3536 2825 illi

1953 2865 2243 2919 obscurata
2272 2874 2377 2929 est,
2410 2865 2661 2934 corporis
2689 2878 2822 2919 vero
2848 2880 3012 2919 sensu
3038 2862 3399 2934 percipientis
3429 2862 3541 2916 cla-

1954 2959 2069 3012 rius
2098 2958 2324 3021 diluxit,
2364 2958 2436 3012 ob
2475 2958 2757 3027 antiquam
2797 2957 3009 3011 scilicet
3040 2956 3539 3020 consuetudinem;

1954 3052 2072 3105 ﬁeri
2123 3067 2232 3104 non
2266 3061 2447 3119 potest
2489 3060 2548 3104 ut
2593 3051 2741 3104 omni
2783 3050 2835 3103 vi
2879 3050 3084 3105 divinis
3125 3050 3397 3113 intendat,
3432 3049 3539 3102 nisi

1952 3156 2181 3211 prorsus
2234 3150 2418 3193 mente
2467 3141 2698 3210 ejusque
2751 3141 2874 3194 luce
2930 3141 3168 3196 orationi
3219 3138 3537 3193 vacaverit:

1881 3228 1925 3284 C
1958 3231 2212 3300 quinimo
2268 3246 2494 3285 necesse
2524 3239 2628 3293 est,
2654 3246 2774 3284 eam
2810 3232 2866 3284 in
2902 3231 3257 3285 tenebrarum
3287 3230 3539 3297 lucisque

264 3330 516 3387 conﬁnio
543 3329 754 3384 versari
808 3345 819 3381 :
857 3326 1205 3383 tenebrarum
1234 3321 1483 3393 quidem,
1511 3336 1579 3375 ex
1603 3320 1804 3375 allecto
1831 3336 1893 3376 ac
1931 3323 2195 3388 libidine;
2228 3324 2367 3376 lucis
2394 3339 2549 3389 vero,
2584 3340 2649 3377 cx
2709 3323 2877 3377 animi
2910 3324 3295 3379 informatione
3324 3335 3380 3378 et
3401 3325 3544 3395 cogi-

270 3422 503 3475 latione.

345 3512 439 3565 σθ’.
471 3509 961 3581 Συμπαραμενέτω
1005 3507 1084 3579 τῷ
1130 3506 1267 3577 νῷή
1306 3504 1462 3576 εὐχὴ,
1506 3504 1582 3567 ώς
1631 3504 1690 3555 ὲν
1719 3502 1851 3573 ἡλίῳ

263 3603 451 3666 ἀκτίς·
489 3598 556 3674 ἦς
604 3602 734 3655 ἄνευ
780 3603 837 3655 αἰ
880 3602 1001 3654 κατ’
1033 3600 1293 3669 αἴσθησιν
1328 3599 1611 3668 μέριμναι,
1648 3589 1737 3648 οἷά
1768 3612 1849 3646 τι-

263 3712 359 3757 νες
393 3695 610 3762 ἄνυδροι
654 3694 877 3761 νεφέλαι
928 3692 1382 3761 περιπετόμεναι,
1426 3688 1517 3741 τὸν
1567 3686 1692 3739 νοῦν
1741 3684 1854 3754 εἵρ-

264 3804 434 3856 γουσι
474 3786 574 3854 τῆς
622 3784 833 3847 οἰκείας
874 3782 1283 3854 λαμπρότητος.

351 3878 426 3933 π’.
471 3878 659 3930 Ἐνδον
709 3878 808 3945 τῆς
846 3875 987 3929 κατά
1037 3875 1141 3945 τὴν
1194 3874 1360 3944 εὐχὴν
1413 3872 1606 3937 στενῆς
1655 3870 1852 3940 πύλης,

268 3970 404 4034 νοῦς
440 3969 741 4040 παθητικδς
772 3969 833 4020 οὐ
868 3966 1095 4020 δύναται
1144 3966 1426 4030 είσελθείν,
1470 3963 1577 4033 πρὸ
1624 3960 1716 4015 τοῦ
1756 3961 1855 4030 τὴν

269 4061 422 4115 κατὰ
452 4060 639 4130 σχέσιν
673 4058 964 4110 ἀπολιπεῖν
1012 4057 1304 4127 μέριμναν
1333 4055 1463 4123 περὶ
1491 4053 1548 4105 δὲ
1586 4053 1655 4104 τὰ
1697 4068 1855 4121 ’περι⁹

273 4156 478 4223 σκήνια
523 4138 757 4222 ἐκείνης,
792 4148 1185 4219 ὀδυνηθήσεται
1230 4148 1319 4200 διὰ
1360 4145 1561 4208 παντὸς
1598 4142 1855 4213 ἀσχολού-

275 4258 462 4314 μενος.

351 4421 463 4475 πα’.
495 4419 731 4489 Δύναμις
772 4419 870 4489 μὲν
918 4418 1086 4488 εὐχῆς
1131 4418 1293 4469 πείνα
1346 4418 1652 4487 βρωμάτων
1700 4419 1851 4472 ἐκού-

274 4530 416 4577 σιος·
450 4513 640 4581 πείνης
669 4512 747 4573 δὲ,
775 4510 835 4563 τὸ
872 4512 1007 4579 μήτε
1032 4511 1184 4580 ὀρᾷν,
1213 4509 1348 4580 μήτε
1380 4509 1621 4575 ἀκούειν,
1658 4511 1738 4562 ὅτι
1784 4510 1857 4581 μὴ

273 4611 432 4661 πῖισα
462 4606 673 4675 ἀνάγκη
698 4645 711 4666 ,
747 4603 855 4655 τῶν
887 4602 1199 4671 ὲγκοσμίων
1237 4603 1413 4655 οὐδέν.
1465 4602 1682 4656 Τούτων
1725 4605 1752 4655 ὁ
1786 4603 1860 4673 μὴ

270 4698 605 4767 ποιούμενος
642 4696 920 4765 πρόνοιαν,
955 4695 1015 4747 τὸ
1041 4694 1139 4763 μὲν
1167 4693 1268 4762 τῆς
1302 4694 1555 4763 νηστείας
1583 4694 1683 4746 οὐκ
1709 4695 1861 4747 ἐστε-

2026 3498 2114 3553 79.
2177 3497 2369 3552 Oratio
2426 3498 2596 3552 menti
2651 3499 2944 3568 conjuncta
3006 3499 3196 3569 illique
3258 3502 3541 3562 individuo

1954 3607 2173 3654 comes,
2222 3590 2372 3645 velut
2409 3591 2596 3646 radius
2633 3592 2772 3656 soli,
2814 3603 3071 3659 maneat;
3106 3597 3262 3665 cujus
3291 3598 3538 3656 absentia

1955 3699 2140 3737 rerum
2180 3682 2234 3735 in
2272 3698 2494 3737 sensum
2536 3683 2851 3737 cadentium
2886 3700 3068 3748 curae,
3101 3688 3253 3742 velut
3290 3691 3538 3759 quaedam

1957 3777 2134 3830 nubes
2164 3777 2443 3843 inaquosa:
2472 3774 2950 3839 circumvolantes,
2988 3792 3017 3829 a
3047 3779 3270 3847 propria
3298 3792 3538 3837 mentem

1957 3878 2148 3924 arcent
2174 3868 2443 3921 claritate.

2028 3962 2111 4015 80.
2151 3960 2271 4013 Non
2306 3968 2489 4028 potest
2534 3975 2687 4014 mens
2727 3959 3014 4016 aﬂ‘cctibus
3052 3964 3360 4033 mancipata
3397 3966 3537 4021 intra

1955 4062 2239 4123 angustam
2256 4052 2526 4107 orationis
2556 4061 2769 4121 portam
2790 4051 3017 4119 intrare,
3048 4055 3180 4125 quin
3203 4058 3357 4125 prius
3386 4060 3537 4112 solli-

1959 4145 2255 4208 citudines,
2284 4160 2391 4213 qua
2432 4144 2543 4197 illis
2579 4143 2812 4198 libidine
2844 4143 3038 4209 hazret,
3082 4144 3394 4211 dimiserit;
3442 4150 3537 4203 sed

1959 4252 2175 4306 semper
2203 4236 2350 4291 circa
2393 4236 2786 4305 circumposita
2817 4237 3171 4292 tabernacula
3211 4254 3415 4293 vacans
3444 4240 3541 4294 do-

1958 4328 2114 4383 lebit.

2033 4421 2120 4476 8l.
2159 4420 2437 4475 Orationis
2464 4421 2566 4483 vis,
2599 4420 2847 4473 ciborum
2872 4421 3084 4475 esuries
3108 4430 3301 4489 sponte
3330 4438 3540 4479 assum-

1961 4519 2085 4579 pta;
2122 4510 2324 4563 esuriei
2351 4525 2501 4569 vero,
2538 4509 2676 4561 nihil
2701 4523 2894 4562 eorum
2920 4524 3041 4577 qua:
3066 4508 3251 4561 sazculi
3286 4517 3415 4563 sunt
3445 4521 3542 4565 aut

1962 4602 2169 4666 videre,
2210 4609 2372 4656 autve
2404 4600 2569 4672 650
2599 4600 2821 4665 audire,
2865 4600 2999 4669 quin
3049 4600 3276 4654 omnino
3314 4616 3540 4656 necesse

1962 4696 2054 4748 sit.
2091 4695 2296 4749 [lorum
2322 4695 2417 4764 qui
2449 4710 2556 4747 non
2588 4708 2776 4747 curam
2809 4693 2971 4762 gerit,
2998 4702 3113 4745 tum
3142 4692 3336 4762 jejunii
3364 4693 3543 4748 domi-

274 4788 491 4859 ρέωσεν
519 4784 881 4854 οἰκοδόμημα·
914 4784 973 4836 τὸ
993 4783 1048 4837 δὲ
1080 4783 1181 4852 τῆς
1219 4783 1385 4853 εὐχῆς
1412 4785 1469 4835 ἐν
1499 4784 1635 4853 αὐτῇ
1663 4788 1853 4855 περιρ-

1960 4787 2146 4840 cilium
2194 4786 2345 4840 ﬁrma
2386 4786 2500 4839 basi
2536 4802 2644 4839 non
2685 4786 2904 4849 Struxit,
2940 4795 3056 4839 tum
3087 4786 3354 4841 orationis
3389 4787 3444 4841 in
3473 4802 3542 4842 eo

272 4880 516 4953 ῥαγῆναι
539 4877 814 4945 ἐποίησεν.

352 4970 463 5040 πξί.
508 4968 825 5039 Ἀπέριττος
847 4968 894 5020 εἰ
930 4966 1003 5036 μὴ
1038 4969 1101 5019 ὲκ
1130 4966 1352 5020 πάντων
1382 4968 1410 5019 ὁ
1440 4967 1566 5031 νοῦς
1593 4968 1698 5020 τῶν
1730 4968 1856 5021 κατ’

271 5063 533 5132 αἴσθησιν
562 5061 812 5131 γένηται,
866 5058 1154 5129 ἀνωφερὴς
1196 5057 1450 5126 γενέσθαι
1498 5060 1560 5111 οὐ
1612 5058 1855 5122 δύναται,

272 5158 379 5211 καὶ
418 5156 477 5207 τὸ
506 5155 709 5207 οἰκεῖον
739 5152 1006 5224 γνωρίσαι
1043 5151 1281 5220 ἀξίωμα.

354 5250 466 5309 σῖγ’.
501 5244 645 5308 ’Έξω
678 5241 777 5311 μὲν
806 5243 1037 5294 ποιεῖται
1071 5242 1170 5309 τῆς
1202 5240 1378 5309 ψυχῆς
1410 5242 1442 5309 ὴ
1469 5240 1623 5310 εὐχὴ,
1652 5242 1859 5305 πάντας

272 5326 408 5399 τοὺς
452 5335 834 5405 ἐχθραίνοντας
891 5334 1026 5403 αὐτῇ
1074 5334 1415 5402 λογισμοὺς,
1474 5332 1857 5403 δυναμουμὲνη

358 5478 402 5508 ιδ
429 5477 589 5530 Prov.
630 5492 704 5541 vt,
732 5476 833 5542 2'5;
870 5474 1027 5530 Cant.
1057 5490 1129 5539 tv,
1164 5474 1223 5527 ll
1250 5491 1264 5538 ;
1291 5474 1449 5528 Joan.
1476 5490 1551 5537 γι,
1581 5473 1669 5527 69.

358 5614 421 5683 (ί)
470 5613 678 5679 Νεκροί
722 5613 789 5664 ἐκ
838 5609 1077 5671 ζώντων.
1130 5611 1485 5683 Ρθυιηῐῖοιῐι.
1527 5626 1609 5670 \‘l,
1658 5610 1750 5671 l5,
1792 5612 1857 5683 ix

280 5680 497 5755 νεκρῶν
522 5685 728 5755 ζῶντας
752 5683 909 5755 dixit,
934 5684 1240 5755 ca:_mortz_¢is
1265 5682 1521 5743 viventes;
1546 5680 1858 5755 queverba

282 5751 627 5813 sic'videtur
674 5754 937 5806 Maximus
982 5752 1312 5815 detersisse,
1358 5760 1417 5804 ut
1464 5751 1609 5818 quod
1658 5751 1745 5803 ille
1793 5751 1859 5803 tle

285 5827 456 5879 animi
494 5836 664 5878 morte
698 5824 915 5892 vitaque
950 5823 1183 5883 dixerat,
1214 5823 1326 5889 ipse
1362 5821 1426 5874 ad
1463 5822 1710 5890 μοιμοι-ιε
1747 5831 1855 5873 tra-

681 5920 941 5980 Ρτιτιίειι..
990 5917 1102 5975 Gn.
1148 5918 1269 5977 XC.

1959 4879 2105 4932 lares
2138 4878 2376 4946 undique
2404 4876 2548 4929 dirui
2578 4877 2727 4931 fecit.

2033 4970 2119 5023 8'2.
2158 4971 2272 5024 Nisi
2313 4986 2466 5022 mens
2492 4969 2825 5037 superﬂuam
2857 4983 3076 5023 omnem
3109 4984 3295 5023 rerum
3330 4970 3383 5023 in
3412 4986 3539 5025 sen-

1965 5076 2086 5113 sum
2118 5060 2429 5114 cadentium
2455 5074 2645 5113 curam
2680 5058 2964 5128 abjccerit,
2989 5058 3240 5113 sublimis
3268 5056 3383 5128 ipsa
3409 5060 3542 5115 ferri

1966 5168 2075 5205 non
2104 5161 2303 5221 potest,
2334 5167 2599 5220 suamque
2622 5167 2783 5215 nosse
2809 5152 3151 5222 dignitatem.

2036 5242 2123 5297 85.
2165 5242 2351 5296 Oratio
2378 5242 2632 5313 lacrymis
2668 5244 2943 5305 roborata,
2974 5242 3200 5297 infestas
3234 5256 3425 5297 omnes
3448 5259 3543 5297 co-

1967 5333 2255 5403 gitationes
2312 5334 2495 5387 animo
2549 5333 2749 5404 ejicit;
2813 5333 3166 5403 vicissimque
3223 5333 3541 5388 facetiarum

1750 5474 1791 5504 ”
1818 5473 1975 5528 Cant.
2011 5490 2083 5537 tv,
2122 5475 2208 5527 ll.

1968 5612 2123 5664 heret
2154 5629 2165 5663 :
2202 5626 2322 5679 quze
2352 5608 2573 5677 quidem
2606 5607 2786 5661 futura
2820 5608 2890 5659 sit
2918 5607 3165 5679 omnium
3198 5616 3390 5679 at_no_n
3426 5605 3543 5657 latt-

1968 5682 2167 5735 dabilis
2198 5676 2346 5733 mors
2374 5676 2568 5739 animi,
2602 5696 2764 5747 quam
2791 5676 3106 5745 νεκρώσεως
3130 5676 3394 5730 vocabulo
3427 5692 3542 5744 pas-

1970 5753 2071 5807 sim
2101 5752 2203 5805 viri
2232 5750 2589 5806 ecclesiastici
2618 5750 2837 5803 l‘auliua
2865 5748 3047 5817 phrasi
3076 5758 3293 5801 vocant.

3109 5908 3132 5966 .';
3149 5907 3178 5959 ἶ)
