4184 6436
623 437 642 500 l
656 437 682 498 --1
691 437 758 498 ετ

1785 418 1844 478 S.
1887 415 2177 478 ΜΛΧΙΜΙ
2218 415 2730 478 CONFESSORIS

3759 413 3894 477 1424

620 555 770 605 tenet
815 559 919 616 pro
956 558 1026 599 eo
1062 556 1127 598 ac
1159 539 1338 602 decet.
1384 536 1526 591 bona
1562 532 1684 602 ejus
1724 529 1917 585 amicis
1960 527 2201 598 reposita

2301 535 2472 605 τέχων
2488 531 2565 594 ὡς
2600 531 2701 596 δεῖ,
2733 532 2837 601 όρᾷ
2887 529 2956 583 τὰ
2993 531 3334 600 ἀποκείμενα
3357 529 3538 598 ἀγαθὰ
3563 530 3678 590 τοῖς
3714 527 3893 596 ςιῖλοις

617 641 785 694 videt.
814 637 1020 700 ,Solum
1069 642 1254 686 autem
1298 626 1591 700 praesentia
1629 622 1964 687 considerat,
1996 619 2092 690 qui
2139 619 2196 674 in

617 735 707 790 iila
742 729 997 786 fiduciam
1028 740 1138 780 non
1169 723 1358 778 habet.

686 825 848 900 652
890 821 1012 876 lOI.
1047 819 1170 874 Non
1224 823 1411 887 potest
1460 825 1616 900 mens
1663 809 1847 864 dicere
1896 806 1964 861 ad
2019 805 2194 860 Deum

616 895 741 969 cum
773 911 971 966 tiducia
999 909 1145 963 inter
1176 905 1443 961 orandum
1473 921 1488 955 :
1522 899 1781 969 Dirupisti
1805 895 2017 950 vincula
2040 909 2194 957 mea;

618 1010 707 1062 tibi
736 1003 1048 1074 sacriﬁcabo
1078 1003 1303 1056 hostiam
1335 995 1509 1050 laudis
1535 994 1604 1056 ",
1636 991 1741 1046 nisi
1779 988 2005 1043 virtutis
2046 985 2194 1040 desi-

615 1099 773 1152 derio
824 1096 900 1151 ab
946 1093 1161 1164 ignavia
1203 1100 1259 1145 et
1303 1086 1557 1163 segnitie,
1606 1077 2083 1150 somnolentiaquc
2132 1091 2196 1132 ac

615 1189 912 1260 gnlositate
937 1182 1220 1254 abruperit
1246 1178 1514 1235 animum.

687 1365 809 1420 109..
852 1364 1018 1418 Extra
1067 1357 1304 1428 primum
1353 1351 1601 1406 velamen
1653 1349 1709 1402 in
1759 1344 2016 1400 oratione
2065 1350 2194 1402 stat,

613 1460 707 1529 qui
747 1465 930 1512 mente
957 1453 1253 1508 distractus
1289 1456 1373 1502 est
1404 1463 1418 1498 :
1449 1444 1592 1497 intra
1627 1445 1902 1511 penetrat,
1939 1435 2032 1505 qui
2071 1433 2197 1488 unis

615 1525 1044 1620 cogitationibus
1069 1543 1276 1614 (mente
1306 1537 1519 1592 scilicet
1548 1548 1656 1588 non
1683 1530 1837 1599 vaga)
1865 1537 2005 1581 orat.
2035 1525 2197 1580 Solus

599 1641 878 1701 'autcmin
901 1638 1101 1692 Sancta
1127 1641 1440 1688 sanctorum
1474 1626 1764 1694 inspectat,
1790 1620 1886 1690 qui
1916 1632 2040 1672 cum
2065 1631 2197 1686 pace

615 1729 949 1787 naturalium
999 1724 1296 1786 rationum,
1349 1733 1414 1772 ea
1462 1715 1628 1771 etiam
1678 1709 2016 1771 considerat,
2074 1719 2196 1775 quae

614 1825 758 1880 circa
791 1817 1091 1877 essentiam
1138 1821 1270 1870 sunt
1315 1823 1534 1866 omnem
1586 1804 1790 1860 mentis
1837 1798 2194 1858 excedentem

615 1930 860 1977 sensum,
886 1927 951 1966 ac
977 1905 1104 1964 inde
1130 1907 1318 1961 divina
1356 1899 1591 1971 quadam
1622 1899 1743 1953 luce
1777 1895 2056 1965 dignatur.

685 2009 806 2062 105.
848 2007 890 2061 Λ
943 2000 1178 2058 terrenis
1222 1998 1359 2052 foris
1390 1996 1678 2048 vacantem
1723 1987 1991 2048 animum,
2042 1982 2198 2037 velut

616 2103 830 2156 tlannua
862 2094 1117 2166 quaedam
1163 2084 1586 2146 circumvoluta,
1629 2079 1783 2150 quasi
1829 2076 2034 2131 ferrum
2083 2073 2194 2143 igni

617 2201 841 2260 prorsus
888 2163 1220 2239 succensum
1273 2175 1504 2231 reddit:
1552 2180 1746 2241 estque
1796 2167 1913 2237 ipse
1968 2163 2194 2236 quidem

616 2281 760 2336 idem
789 2278 1028 2340 animus,
1062 2272 1156 2328 sed
1192 2283 1356 2341 quem
1389 2265 1708 2334 contingere
1738 2260 1965 2315 minime
1996 2260 2190 2322 liceat;

614 2372 757 2426 sicut
803 2369 1014 2424 ferrum
1057 2362 1170 2435 igni
1215 2360 1456 2417 candens
1501 2353 1746 2411 exterius
1791 2349 2038 2420 contingi
2085 2363 2196 2402 non

616 2470 819 2534 potest.

685 2553 809 2607 40.5.
849 2550 1052 2606 Beatus
1081 2542 1179 2616 qui
1206 2543 1263 2598 in
1295 2540 1400 2596 bac
1435 2537 1549 2593 vita
1577 2537 1632 2592 in
1660 2549 1790 2592 eum
1813 2532 2038 2588 modum
2070 2545 2184 2601 spe-

615 2645 753 2702 ctari
782 2642 1020 2705 meruit;
1045 2638 1252 2709 quique
1275 2641 1510 2688 statuam
1539 2637 1732 2684 natura
1759 2627 1986 2688 luteam,
2010 2621 2198 2694 gratiae

619 2749 847 2791 munere
877 2733 1094 2801 igneam
1121 2725 1279 2780 vidit.

691 2827 812 2882 105.
849 2822 1062 2892 Gravis,
1090 2834 1190 2875 ceu
1220 2817 1390 2871 herus
1416 2810 1663 2884 quidam,
1691 2809 1780 2864 his
1807 2808 1899 2879 qui
1927 2805 2200 2861 inducun-

620 2935 708 2978 tur
729 2936 792 2976 ac
816 2915 1044 2974 novitiis
1064 2908 1333 2968 incumbit
1355 2908 1442 2962 lex
1457 2905 1761 2970 orationis;
1782 2900 2199 2973 proﬁcientibus

619 3025 804 3071 autem
838 3009 990 3066 velut
1026 3021 1182 3062 amor
1219 3011 1306 3058 est
1342 2999 1412 3057 ad
1447 3001 1626 3055 lautas
1655 2996 1813 3072 quasi
1851 2995 2043 3066 epulas
2073 3007 2200 3048 esu-

621 3109 856 3164 rientem
887 3099 1246 3171 compellens.

688 3196 809 3253 100.
848 3195 949 3250 llis
989 3191 1083 3263 qui
1118 3189 1290 3261 probe
1327 3186 1604 3242 actionem
1645 3182 1834 3237 colunt
1869 3177 2198 3248 quandoque

617 3289 841 3360 quidem
877 3286 1058 3342 oratio
1077 3323 1093 3348 ,
1126 3282 1279 3337 velut
1307 3280 1483 3336 nubes
1509 3275 1850 3332 obumbrans
1871 3273 1939 3336 “,
1975 3278 2200 3325 urentes

619 3369 774 3434 arcet
797 3374 1186 3446 cogitationes;
1219 3368 1549 3441 quandoque
1579 3378 1713 3419 vero
1741 3361 1896 3416 velut
1929 3360 2200 3429 lacryma—

621 3487 740 3524 rum
763 3478 945 3540 guttas
971 3465 1082 3520 illis
1105 3464 1370 3524 irrorans,
1400 3455 1670 3529 spiritalia
1699 3453 2037 3509 theoremata
2068 3465 2198 3504 scn-

619 3577 787 3631 saquc
817 3554 1078 3613 ostendit.

691 3650 814 3704 107.
853 3646 1144 3703 Canticum
1201 3641 1429 3697 citharae
1478 3635 1892 3693 condimentum
1943 3631 2195 3695 exsistat,

620 3756 786 3814 quam
819 3739 946 3810 quis
979 3734 1228 3793 exterius
1255 3732 1437 3803 pulset
1464 3747 1478 3784 :
1508 3729 1726 3806 animus
1752 3740 1885 3781 vero
1909 3724 2019 3779 nisi
2051 3722 2200 3792 adju-

622 3813 781 3890 vante
826 3831 882 3885 in
922 3829 1170 3884 oratione
1219 3823 1446 3896 mystica
1496 3821 1552 3876 in
1595 3817 1796 3890 spiritu
1843 3813 2198 3877 allocutione,

623 3925 767 3980 haud
806 3922 963 3977 facile
994 3917 1286 3989 compungi
1322 3911 1630 3969 consuevit.
1665 3907 1805 3964 Illud
1847 3908 2032 3963 enim:
2063 3904 2200 3972 Quid

623 4030 851 4078 oremus,
881 4013 1014 4066 sicut
1035 4015 1259 4081 oportet,
1292 4005 1549 4060 nescimus
1566 4003 1635 4064 ",
1666 4001 1720 4056 in
1771 4014 1897 4056 eum
1957 3997 2200 4068 proclive

622 4116 872 4164 orantem
904 4102 1242 4158 intellectum
1268 4095 1442 4152 ducit.

1267 4206 1524 4280 Ejusdem
1535 4247 1546 4259 .

700 4333 1015 4387 “lustrntur
1047 4341 1214 4388 mens,
1244 4319 1503 4383 spiritalis
1536 4315 1993 4388 contemplationis

696 4384 759 4459 in
796 4384 1020 4456 sublime
1049 4384 1216 4460 elata,
1248 4395 1372 4447 dum
1401 4405 1665 4445 sermones
1697 4384 1822 4440 istos
1853 4384 2056 4455 legerit.

698 4516 819 4574 508.
862 4515 1097 4570 Necesse
1131 4517 1216 4566 est
1249 4516 1312 4562 ut
1343 4504 1608 4577 spiritalis
1631 4501 1850 4557 noverit
1875 4497 2200 4572 (γνωστικδν

2299 621 2493 691 αὐτῆς.
2533 622 2687 676 Μόνα
2731 622 2788 676 δὲ
2833 621 2903 675 τὰ
2941 623 3188 692 παρόντα
3219 623 3571 693 περισκοπεῖ,
3605 623 3634 674 6
3665 623 3892 692 παρρη-

2299 713 2422 767 σίαν
2447 714 2505 765 ὲν
2539 713 2726 786 ἐκείνῃ
2756 714 2837 786 μὴ
2875 713 3146 784 ἐσχηκώς.

2371 809 2474 874 ρα’.
2507 802 2584 856 Οὐ
2623 802 2848 856 δύναται
2887 805 2916 857 6
2948 801 3076 867 νοῦς
3107 806 3167 858 ἐν
3197 802 3376 874 καιρῷ
3404 802 3508 872 τῆς
3540 802 3712 872 εὐχῆς
3749 802 3892 872 μετᾶ

2299 894 2614 966 παρρησίας
2645 895 2828 964 λέγειν
2877 896 3015 965 πρὸς
3054 895 3150 950 τὸν
3198 895 3334 949 Θεόν
3355 910 3375 927 ⁸
3406 893 3735 963 Διέῥρηξας
3749 893 3891 958 τοὺς

2297 987 2560 1055 δεσμούς
2569 1004 2709 1057 μου,
2731 986 2830 1041 σοι
2847 985 3012 1043 θύσω
3032 989 3254 1042 θυσίαν
3271 986 3580 1051 αἰνέσεως,
3600 989 3649 1038 εἰ
3681 985 3757 1055 μὴ
3780 985 3890 1037 δει-

2297 1079 2418 1143 λίας
2461 1080 2556 1132 καὶ
2599 1078 2894 1148 ῥᾳθυμίας,
2942 1078 3280 1140 πολυυπνίας
3328 1095 3387 1130 τε
3429 1079 3522 1131 καὶ
3553 1077 3892 1146 ἀδηφαγίας.

2297 1167 2358 1232 ἐξ
2404 1160 2482 1220 ὧν
2516 1168 2579 1222 τὸ
2617 1169 2857 1234 πταίειν,
2884 1167 3152 1247 ἐπιθυμίᾳ
3179 1168 3291 1221 τῶν
3321 1169 3688 1239 κρειττόνων,
3719 1169 3892 1238 ἀπορ-

2298 1259 2462 1329 Pavi-

2371 1347 2472 1419 ρβ’.
2513 1349 2662 1414 Ἐξω
2698 1349 2792 1402 τοῦ
2835 1347 3054 1420 πρώτου
3105 1348 3602 1418 καταπετάσματος
3648 1346 3890 1407 ἵσταται,

2296 1442 2325 1494 6
2352 1442 2408 1493 ὲν
2439 1441 2570 1511 εύχῇ
2606 1440 2944 1512 ῥεμϐόμενος
2970 1456 2985 1472 ⁸
3030 1438 3244 1492 ἔνδοθεν
3287 1439 3521 1505 γίνεται,
3573 1437 3604 1488 6
3669 1436 3892 1505 μονολό-

2298 1549 2486 1600 γιστον
2525 1530 2772 1594 ἐξανύων
2821 1532 3016 1603 αὑτήν.
3057 1531 3236 1592 Μόνος
3280 1530 3337 1584 δὲ
3372 1531 3454 1593 εἰς
3482 1528 3555 1582 τὰ
3589 1529 3760 1594 ’Λγια
3787 1529 3895 1580 τῶν

2298 1625 2472 1692 ἁγίων
2503 1622 2845 1695 παρέκυψεν,
2870 1625 2900 1677 6
2926 1623 3068 1694 μετὰ
3100 1622 3204 1691 τῆς
3249 1622 3476 1692 είρήνης
3508 1621 3620 1674 τῶν
3644 1619 3894 1689 φυσικῶν

2297 1715 2574 1786 λογισμῶν
2620 1716 2718 1769 καὶ
2756 1714 2826 1768 τὰ
2856 1715 2987 1786 περὶ
3011 1715 3112 1785 τῆς
3140 1713 3322 1767 πάντα
3352 1712 3478 1765 νοῦν
3509 1701 3895 1781 ὑπερεχούσης

2300 1806 2538 1878 ἰοῦσίας]
2581 1806 3068 1876 διασκεπτόμενος,
3104 1805 3201 1860 καί
3221 1821 3370 1868 τινος
3400 1802 3616 1857 ἐκεῖθεν
3638 1818 3891 1871 φωτοφα-

2229 1902 2270 1959 Β
2299 1899 2446 1962 νείας
2476 1897 2736 1965 καταξιού
2745 1914 2928 1968 μενος.

2370 1997 2471 2062 ργσ.
2532 1990 2764 2043 Ὀπόταν
2813 1989 2925 2043 ἀπὸ
2979 1987 3088 2042 τῶν
3136 1987 3341 2052 ἔξωθεν
3393 1985 3714 2056 σχολάσασα
3861 1987 3892 2053 ἡ

2295 2083 2464 2153 ψυχὴ,
2506 2083 2628 2135 τότε
2655 2075 2746 2135 οἷὰ
2767 2097 2855 2144 τις
2891 2079 3024 2150 φλὸξ
3053 2079 3516 2150 περικυκλώσασα
3555 2079 3786 2147 ταύτην,
3819 2077 3894 2140 ὡς

2298 2172 2518 2244 σίδηρον
2574 2170 2833 2235 καθάπαξ
2887 2169 2966 2241 τῷ
3011 2170 3148 2242 πυρὶ
3193 2170 3716 2240 πεπυρακτωμένην
3762 2168 3895 2236 ὃλην

2295 2262 2611 2332 καθίστησι,
2642 2261 2738 2314 καὶ
2771 2259 2889 2312 ἔστι
2917 2259 3064 2328 ψυχὴ
3101 2257 3202 2326 μὲν
3229 2259 3262 2326 ἡ
3287 2257 3452 2320 αὐτὴ,
3478 2256 3663 2309 οὐκέτι
3695 2254 3757 2308 δὲ
3797 2257 3896 2308 καὶ

2297 2355 2466 2422 ἁπτὴ,
2505 2352 2582 2416 ὡς
2622 2351 2745 2404 οὐδὲ
2771 2353 2801 2405 6
2833 2349 3220 2422 πυρακτωθεὶς
3264 2348 3505 2418 σίδηρος,
3537 2349 3658 2410 ταῖς
3689 2345 3897 2412 ἔξωθεν

2298 2446 2563 2515 ἐπαφαῖς.

2370 2534 2468 2608 ρδ¹.
2525 2534 2814 2605 Μακάριος
2864 2532 2894 2585 6
2915 2533 2973 2587 ὲν
3023 2530 3102 2602 τῷ
3136 2530 3238 2600 βίῳ
3257 2529 3432 2599 τούτῳ
3454 2527 3654 2582 οὑτωσὶ
3687 2528 3900 2599 θεωρη-

2299 2625 2459 2697 θῆναι
2504 2623 2778 2692 ἀξιωθεὶς,
2833 2624 2929 2677 καὶ
2973 2623 3066 2676 τὸν
3109 2621 3277 2676 αὑτὸν
3325 2619 3487 2689 φύσει
3527 2620 3758 2690 πήλινον
3806 2621 3902 2674 ἀν-

2297 2719 2546 2789 δριάντα,
2579 2718 2766 2788 χάριτι
2791 2714 3022 2786 πύρινον
3053 2713 3317 2768 κατιδών.

2373 2807 2466 2879 ρε’.
2529 2809 2654 2871 Τοῖς
2721 2807 2822 2878 μὲν
2881 2807 3259 2876 εἰσαγομένοις
3315 2801 3406 2860 οἷά
3453 2822 3542 2867 τις
3595 2804 3898 2874 δεσπότης,

2298 2903 2328 2956 6
2367 2902 2529 2971 νόμος
2566 2900 2840 2953 ἐπίκειται
2882 2898 2982 2969 τῆς
3020 2899 3189 2968 εὐχῆς
3223 2915 3238 2928 ·
3293 2901 3408 2962 τοῖς
3454 2895 3771 2967 προκόψασι
3807 2893 3897 2957 δὲ,

2301 2993 2378 3057 ὼς
2417 2993 2559 3063 ἔρως
2593 2994 2622 3046 6
2653 2990 2998 3046 συνελαύνων
3027 2990 3301 3044 πεινῶντα
3335 2989 3590 3058 καθάπερ
3621 2987 3900 3056 πολυτελῆ

2300 3079 2438 3151 πρὸς
2477 3079 2741 3134 ἑστίασιν.

2377 3180 2486 3245 pg’.
2537 3174 2664 3236 Τοῖς
2704 3172 2887 3237 καλῶς
2933 3172 3032 3244 τὴν
3076 3171 3393 3243 πρακτικὴν
3441 3170 3900 3241 μετερχομένοις,

2301 3268 2435 3320 ποτε
2460 3266 2558 3337 μὲν
2579 3268 2614 3336 ὴ
2637 3265 2772 3336 εὐχὴ
2794 3263 2995 3336 νεφέλη
3027 3263 3283 3334 καθάπερ
3308 3261 3731 3326 ἐπισκιάζουσα,
3761 3262 3902 3324 τοὺς

2300 3358 2637 3420 καυστικοὺς
2695 3357 2956 3427 ἀπείργει
3013 3354 3072 3419 ἐξ
3123 3354 3306 3408 αὐτῶν
3353 3352 3651 3422 λογισμούς
3681 3369 3700 3384 ·
3756 3352 3902 3405 ποτε

2299 3449 2358 3503 δὲ
2417 3447 2686 3516 σταγόνας
2738 3440 2828 3500 οἷα
2883 3446 3136 3518 δακρύων
3186 3445 3401 3506 τούτοις
3451 3441 3898 3512 ὲπιψεκάζουσα,

2300 3542 2544 3595 δείκνυσι
2569 3540 2640 3594 τὰ
2669 3538 3022 3611 πνευματικὰ
3051 3538 3406 3609 θεωρήματα.

2373 3634 2474 3707 ρξ’.
2535 3633 2662 3705 ᾮδὴ
2709 3633 2808 3704 μὲν
2845 3633 3064 3705 ἥδυσμα
3101 3629 3334 3701 κιθάρας
3377 3629 3476 3698 τῆς
3543 3627 3903 3698 κρουομένης

2301 3729 2406 3784 ὑπό
2432 3745 2578 3792 τινος
2606 3726 2807 3792 ἔξωθεν
2833 3727 3190 3798 εὑρεθήσεται
3213 3740 3228 3753 ο
3263 3721 3411 3793 ψυχὴ
3461 3721 3520 3774 δὲ
3573 3721 3648 3792 μὴ
3698 3737 3904 3790 συνερο

2301 3821 2506 3893 χούσης
2541 3820 2678 3890 αὐτῇ
2720 3821 2778 3872 ὲν
2829 3818 2963 3889 εὐχῇ
3010 3815 3111 3886 τῆς
3163 3817 3223 3868 ὲν
3281 3815 3558 3884 πνεύματι
3620 3811 3904 3882 μυστικῆς

2303 3910 2766 3982 προσφωνήσεως,
2788 3907 3196 3968 εὐκατάνυκτος
3212 3904 3274 3956 οὐ
3305 3901 3518 3970 πέφυκε
3547 3899 3898 3955 δείκνυσθαι.

2301 4003 2376 4057 Τὸ
2418 4002 2550 4073 γὰρ,
2607 4001 2666 4054 Τί
2693 3997 3158 4069 προσευξώμεθα
3187 3995 3334 4052 καθὸ
3355 3993 3450 4048 δεῖ
3471 3996 3584 4048 οὐκ
3611 3992 3897 4062 οἴδαμεν,

2303 4099 2400 4152 καὶ
2427 4097 2496 4152 τὰ
2528 4095 2679 4165 ἑξῆς,
2713 4095 2793 4156 είς
2823 4091 2982 4146 τοῦτο
3001 4091 3186 4159 ἐνάγει
3215 4088 3306 4144 τὸν
3337 4088 3802 4160 προσευχόμενον.

2937 4202 3046 4258 Τοῦ
3066 4201 3250 4257 αὐτοῦ.

2304 4323 2612 4385 Φωτίζεται
2639 4323 2787 4388 νοῦς
2812 4319 3152 4390 τνωστικῆς
3181 4320 3430 4390 θεωρίας

2301 4396 2459 4464 Πρὸς
2494 4395 2653 4463 ὕψος
2679 4387 2901 4462 ἀρθεὶς,
2932 4390 3118 4445 τοῖσδ’
3146 4387 3498 4458 ὲπεντυχὼν
3531 4389 3761 4457 λόγοις.

2381 4516 2488 4581 pr].
2554 4507 2876 4574 ’Δναγκαῖον
2909 4504 3108 4558 εἰδέναι
3157 4499 3250 4556 τὸν
3296 4498 3621 4570 γνωστικδν,
3675 4500 3813 4553 πότε
3871 4501 3903 4552 6

627 4613 857 4684 vocant)
890 4609 1236 4684 quandonam
1271 4606 1391 4678 ejus
1419 4616 1576 4658 mens
1612 4601 1668 4655 in
1703 4611 1989 4654 sensorum
2035 4593 2204 4650 animi

2311 4601 2438 4664 νοῦς
2465 4598 2632 4654 αὐτοῦ
2676 4600 2756 4662 είς
2803 4596 2904 4668 τὴν
2952 4595 3139 4666 χώραν
3188 4593 3296 4646 τῶν
3344 4593 3635 4663 νοημάτων
3696 4593 3852 4644 ἐστίν
3883 4608 3899 4621 ·

626 4727 690 4767 ac
732 4713 1145 4777 conccptuum;
1189 4697 1410 4770 quando
1443 4697 1572 4752 item
1621 4694 1676 4749 in
1711 4693 2105 4764 cogitationum
2151 4699 2207 4745 et

627 4802 923 4863 rationum,
959 4811 1022 4850 ac
1051 4792 1274 4864 quando
1320 4790 1376 4843 in
1421 4801 1620 4842 sensus
1662 4784 1882 4855 regione
1929 4793 2201 4837 versetur.

627 4897 806 4964 Atque
836 4891 891 4944 in
921 4891 1027 4944 hac
1056 4896 1298 4948 rursum,
1336 4883 1393 4936 in
1433 4880 1573 4934 iisne
1617 4893 1739 4948 quae
1772 4883 2099 4947 Opportuna,
2134 4888 2204 4927 an

630 4987 814 5057 potius
841 4998 963 5052 qua:
1003 4981 1315 5048 importuna
1349 4981 1498 5036 sunt,
1539 4969 1872 5024 inveniatur.

699 5074 861 5147 653
900 5071 1022 5126 109.
1062 5069 1316 5130 Animus,
1358 5064 1489 5119 dum
1529 5075 1642 5115 non
1681 5061 1736 5114 in
1770 5059 1949 5114 scrisis
1980 5072 2044 5113 ac
2073 5071 2206 5112 con-

630 5168 914 5239 ecptibus,
957 5160 1184 5218 omnino
1230 5157 1286 5212 in
1327 5153 1757 5226 cogitationibus
1796 5158 1853 5205 et
1895 5149 2207 5204 rationibus

552 5247 558 5254 ’
635 5267 910 5321 versatur,
952 5252 1306 5320 vicissimque
1335 5247 1466 5302 dum
1493 5245 1548 5300 in
1582 5241 2010 5314 cogitationibus
2033 5248 2089 5294 et
2115 5255 2203 5294 ra-

634 5352 905 5414 tionibus;
947 5361 1060 5402 non
1097 5345 1153 5398 in
1193 5340 1372 5398 sensis
1399 5339 1565 5394 animi
1597 5352 1662 5391 ac
1695 5334 2076 5404 conceptibus.
2111 5332 2206 5396 At,

633 5446 761 5498 dum
791 5442 843 5494 in
874 5452 1062 5500 sensu,
1089 5448 1214 5489 cum
1243 5429 1501 5484 omnibus
1526 5433 1798 5481 versatur.

2315 4695 2445 4748 πότε
2474 4692 2532 4745 δὲ
2561 4692 2642 4754 εἰς
2687 4691 2787 4761 τὴν
2824 4688 2936 4741 τῶν
2973 4685 3253 4756 λογισμῶν
3278 4701 3292 4716 ο
3344 4686 3439 4738 καὶ
3486 4685 3615 4738 πότε
3669 4685 3752 4747 είς
3799 4684 3902 4753 τὴν

2312 4786 2430 4840 κατ’
2464 4783 2738 4854 αἴσθησιν.
2772 4781 2884 4835 Καὶ
2913 4781 2970 4832 ὲν
3003 4777 3176 4850 ταύτῃ
3207 4777 3394 4842 πάλιν,
3431 4778 3481 4830 εί
3512 4776 3570 4828 ὲν
3607 4778 3722 4838 τοῖς
3752 4778 3901 4829 κατὰ

2312 4875 2581 4949 καιρὸν,ἣ
2610 4877 2668 4929 ὲν
2702 4875 2817 4938 τοῖς
2851 4871 3003 4944 παρὰ
3034 4870 3226 4941 καιρὸν
3260 4870 3460 4942 μᾶλλον
3481 4868 3825 4940 εὑρίσκεται.

2389 5051 2488 5124 ρο’.
2531 5051 2621 5105 Ἐν
2655 5050 2922 5119 νοήμασιν
2960 5045 3064 5098 οὐκ
3099 5043 3176 5095 ὢν
3225 5045 3254 5096 ὁ
3299 5041 3442 5105 νοῦς,
3493 5041 3552 5093 ἑν
3608 5037 3900 5108 λογισμοῖς

2312 5146 2530 5207 πάντως
2571 5140 2718 5195 ἐστίν
2751 5155 2765 5168 ο
2806 5139 2865 5192 ὲν
2892 5136 3170 5206 λογισμοῖς
3206 5134 3262 5187 δὲ
3291 5132 3388 5196 ὣν,
3419 5133 3475 5183 ἐν
3502 5131 3772 5200 νοήμασιν
3799 5129 3901 5181 οὐκ

2311 5241 2476 5293 εστιν.
2541 5237 2630 5288 Ἐν
2673 5233 2729 5287 δὲ
2757 5234 2822 5304 τῇ
2858 5229 3104 5300 αἰσθήσει
3132 5227 3418 5298 γενόμενος
3446 5222 3545 5294 (q),
3580 5222 3721 5293 μετὰ
3755 5223 3900 5276 πάν-

2312 5350 2419 5385 των
2451 5327 2617 5381 ἐστίν.

703 5585 744 5616 ’¹
789 5580 930 5638 Psal.
967 5594 1086 5642 cxv,
1121 5575 1204 5628 l7.
1284 5573 1328 5603 "
1364 5570 1534 5626 Exod.
1574 5585 1683 5632 xw,
1720 5568 1802 5621 10.
1881 5567 1926 5597 ²³
1959 5566 2115 5619 Rom.
2149 5582 2262 5632 vm,
2293 5565 2380 5618 26.

708 5721 784 5791 (q)
825 5720 927 5791 ‘Er
956 5716 1023 5769 δὲ
1053 5714 1124 5791 τῇ
1161 5713 1439 5791 (ἀρθήσει
1496 5708 1836 5791 γενόμενος.
1895 5703 2037 5782 sunt
2080 5702 2196 5757 haec

634 5774 790 5860 quasi
820 5774 1181 5860 aenigmati't‘m.
1205 5774 1346 5848 Quid
1375 5782 1447 5835 sit
1479 5774 1715 5860 mentem
1775 5789 1896 5860 esse
1927 5774 1979 5826 in
2006 5788 2193 5834 sensu,

633 5845 876 5932 dumque
911 5845 964 5914 in
993 5859 1088 5913 illo
1117 5845 1245 5918 ρει,⁷
1267 5861 1322 5908 ct
1363 5856 1660 5918 conceptus
1703 5846 1906 5900 habere
1941 5853 1994 5899 ct
2025 5845 2194 5897 ratio-

2306 5698 2653 5759 cinationes;
2688 5693 2739 5746 id
2768 5701 2874 5756 est,
2898 5706 2986 5745 res
3011 5687 3356 5759 simpliciter
3381 5693 3435 5759 et
3469 5697 3593 5736 cum
3635 5682 3897 5759 discursu

2308 5753 2813 5837 intelligere,'l|aud
2839 5753 2973 5815 satis
3012 5753 3192 5827 capio,
3251 5757 3364 5837 _nisi_
3399 5755 3502 5835 lioc
3559 5753 3681 5837 vnl‘t
3731 5753 3900 5805 Maxi-

2307 5822 2450 5904 mus,
2487 5822 2883 5904 intelligentcm
2903 5822 3185 5898 nunquam
3218 5825 3448 5889 absolvi,
3491 5839 3592 5893 pro
3648 5822 3759 5876 hoc
3795 5831 3900 5876 sta-
