4184 6436
275 402 411 477 1125

341 517 431 579 ρι’.
475 507 572 560 Διά
627 507 722 560 τοῦ
769 508 1038 577 νοήματος
1071 504 1170 575 μὲν
1199 505 1228 556 ὁ
1256 501 1378 564 νοῗς
1409 501 1685 571 διέρχεται
1717 498 1852 568 πρὸς
1882 505 1927 559 Α

262 602 331 652 -τὶι
368 600 534 669 νοητά
567 617 579 631 ·
606 599 699 652 διὰ
724 599 782 652 δὲ
819 597 916 652 τοῦ
952 595 1216 666 λογισμοῦ
1263 594 1401 664 πρὸς
1455 593 1525 651 τὰ
1577 591 1773 660 λογικὰ
1825 590 1854 642 6

267 692 426 759 λόγος
460 708 475 722 °
527 692 666 763 πρὸς
710 692 766 745 δὲ
815 690 916 762 τὴν
942 686 1278 760 πρακτικὴν,
1299 685 1386 739 διὰ
1415 684 1517 754 τῆς
1549 681 1854 754 φαντασίας

268 785 302 850 ἡ
332 785 609 855 αἴσθησις.

1441 393 1617 452 ALIA
1657 391 1758 451 EX
1797 388 2036 449 VATlC.
2081 387 2368 448 CAPITA.

3404 375 3538 438 1126

2030 499 2146 553 110.
2191 499 2296 552 Per
2327 496 2497 550 animi
2538 509 2760 550 sensum
2793 502 2957 562 atque
2987 499 3316 559 conceptum
3344 489 3547 542 transit

1962 604 2120 644 mens
2160 588 2228 643 ad
2268 587 2563 658 spiritalia,
2593 595 2650 641 et
2684 601 2770 651 ea,
2801 599 2924 654 qua:
2954 583 3047 637 illa
3077 581 3195 636 sola
3224 576 3543 646 intelligun-

1962 685 2054 733 tur
2087 696 2100 731 :
2129 695 2230 749 per
2263 677 2746 734 ratiocinationem
2777 689 2910 728 vero
2938 685 2995 728 et
3031 673 3368 731 discursum,
3403 665 3544 720 ratio

1961 770 2031 825 ad
2074 786 2140 825 ea
2183 787 2306 841 qua:
2353 770 2645 826 rationalia
2691 767 2793 840 (sic
2831 764 2988 835 quasi
3026 762 3227 817 rationi
3273 755 3544 829 subjecta)

268 886 422 930 sunt.
473 853 762 933 Postremo
802 889 1001 931 sensus
1044 873 1112 928 ad
1155 871 1453 934 actionem,
1500 884 1600 940 per
1637 882 1760 922 eam
1792 864 1904 920 vim
1942 879 2065 936 qua:
2105 863 2373 934 imagines
2401 864 2684 925 informat,
2714 869 2770 916 et
2813 855 3090 929 cogitandi
3129 853 3420 908 facultates
3451 863 3548 902 vo-

268 975 448 1020 catur.

345 1058 470 1128 ρια⁹.
504 1059 599 1121 Εἰς
621 1059 812 1112 ἑαυτὸν
844 1062 872 1112 6
901 1058 1026 1122 νοῦς
1084 1057 1474 1126 συναγόμενος,
1532 1054 1685 1108 οὐδὲν
1732 1051 1858 1106 οὔτε

270 1150 382 1202 τῶν
419 1151 564 1204 κατὰ
603 1151 694 1203 τὸν
728 1151 990 1222 λογισμὸν
1046 1149 1244 1221 θεωρεῖ
1269 1166 1282 1178 ’
1335 1148 1576 1218 γυμνοὺς
1630 1146 1688 1198 δὲ
1731 1145 1862 1208 νόας

275 1243 371 1298 καὶ
401 1242 550 1306 θείας
583 1243 778 1312 αὐγὰς,
817 1243 1119 1315 βλυξούσας
1156 1242 1384 1314 εἰρήνην
1431 1257 1491 1294 τε
1531 1240 1626 1294 καὶ
1677 1238 1858 1310 χάριν.

355 1501 480 1572 ρ;β’.
523 1501 686 1553 Ἀλλο
722 1503 750 1554 ὁ
781 1501 902 1564 νοῦς
935 1500 1030 1554 τοῦ
1073 1501 1421 1571 πράγματος,
1447 1500 1541 1553 καὶ
1566 1499 1696 1552 ἄλλο
1722 1502 1748 1552 6
1781 1499 1866 1553 λό-

281 1612 380 1660 γος
429 1594 594 1648 αὑτοῦ
625 1611 637 1623 ·
677 1595 770 1647 καὶ
802 1594 990 1664 ἕτερον
1027 1592 1089 1645 τὸ
1121 1594 1227 1646 ὑπὸ
1258 1593 1358 1664 τὴν
1386 1593 1637 1660 αἴσθησιν
1664 1592 1867 1660 ἀναγό-

2037 1051 2158 1105 111.
2201 1049 2354 1104 Mens
2385 1048 2439 1102 in
2473 1047 2710 1117 seipsam
2742 1043 2996 1107 collecta,
3024 1037 3160 1095 nihil
3192 1049 3386 1091 eorum
3415 1048 3548 1088 con-

1965 1141 2195 1206 siderat,
2223 1156 2346 1211 qua:
2373 1140 2458 1194 vel
2488 1154 2655 1194 sensu
2695 1135 3102 1206 percipiuntur,
3142 1127 3228 1183 vel
3260 1125 3550 1180 ratiocina-

1970 1234 2121 1288 tione
2167 1241 2226 1288 et
2271 1232 2524 1287 discursu
2573 1236 2916 1290 noscuntur;
2970 1224 3067 1278 sed
3114 1219 3292 1276 nudas
3337 1225 3550 1272 mentes

1968 1328 2300 1396 divinosque
2354 1325 2618 1398 fulgores,
2656 1323 2806 1392 large
2851 1334 3040 1391 pacem
3087 1313 3454 1370 scaturicntcs
3496 1315 3554 1361 et

1968 1422 2223 1493 gratiam.

2045 1516 2171 1570 112.
2215 1514 2378 1570 Aliud
2413 1523 2499 1569 est
2534 1513 2612 1568 rei
2661 1511 2996 1571 intellectus,
3037 1502 3187 1559 aliud
3223 1501 3343 1571 ejus
3378 1494 3553 1559 ratio;

1973 1608 2126 1664 aliud
2151 1608 2391 1678 denique
2413 1605 2562 1677 quod
2585 1604 2690 1659 sub
2717 1617 2938 1658 sensum
2963 1595 3265 1654 reducitur.
3289 1588 3554 1648 Primum,

288 1704 474 1755 μενον.
518 1686 626 1739 Καὶ
657 1685 717 1739 τὸ
751 1686 852 1754 μὲν
873 1685 1021 1739 ἔστιν
1047 1685 1210 1739 οὐσία
1236 1703 1249 1718 ο
1284 1684 1442 1751 τὸδὲ,
1476 1683 1824 1757 συμσεδηκός
1852 1701 1865 1714 ·

1992 1703 2280 1759 ιιιὶιειτιιιιίτι
2339 1711 2453 1766 est;
2515 1700 2786 1763 alterum,
2843 1693 3127 1755 accidens;
3180 1693 3555 1758 postremum.

281 1780 345 1830 τὸ
374 1779 454 1844 δὲ,
494 1781 528 1849 ἡ
560 1777 656 1831 τοῦ
681 1779 1048 1848 ὑποκειμένου
1079 1778 1334 1848 διαφορά.

362 1877 490 1940 ριγ¹.
543 1869 752 1933 Πολλὰς
791 1870 946 1933 ὁδοὺς
977 1869 1303 1938 ἀνατέμνων
1337 1869 1365 1922 6
1401 1868 1545 1934 νοῦς,
1577 1869 1873 1941 ἀκόρεστος

282 1963 563 2016 δεὶκνυται
600 1981 614 1994 ο
661 1962 799 2032 πρὸς
857 1963 988 2033 μίαν
1041 1961 1098 2014 δὲ
1152 1961 1520 2030 συναγόμενος
1559 1961 1658 2031 τῆς
1686 1961 1874 2031 εὐχῆς,

290 2055 400 2126 πρὸ
430 2056 531 2126 τῆς
569 2055 845 2118 ὲντελείας
886 2055 1394 2124 στενοχωρούμενος
1417 2054 1690 2123 φαίνεται,
1713 2052 1878 2107 λιπα-

292 2144 406 2211 ρῶν
462 2143 556 2196 τὸν
609 2144 836 2214 μέτοχον
892 2145 962 2213 (r)
1005 2142 1371 2213 ἀπολυθῆναι,
1408 2143 1544 2213 πρὸς
1579 2143 1649 2196 τὰ
1676 2143 1773 2212 ἀφ’
1801 2136 1878 2197 ὧν

287 2237 629 2310 ἐξελήλυθεν.

367 2328 486 2401 ριδ¹.
528 2330 772 2385 Ἀνωθεν
805 2330 1044 2401 ἠγμένος
1098 2331 1128 2383 6
1183 2328 1330 2394 νοῦς,
1361 2330 1462 2383 οὐκ
1485 2330 1878 2400 ἀναδραμεῖται

291 2418 452 2487 αὖθις
500 2425 700 2485 ἐκεῖσε,
749 2424 799 2476 εί
848 2422 924 2494 μὴ
980 2423 1195 2478 τελείαν
1224 2421 1337 2476 τῶν
1385 2423 1535 2478 κάτω
1584 2425 1881 2495 ποιήσηται

290 2515 703 2586 καταφρόνησιν
727 2515 815 2568 διὰ
846 2516 942 2586 τῆς
973 2514 1103 2588 περὶ⁵
1123 2514 1193 2568 τά
1227 2515 1349 2570 θεῖα
1387 2515 1607 2585 σχολῆς.

371 2615 490 2678 ριε’.
551 2606 618 2659 Εἴ
658 2625 717 2660 τε
760 2607 837 2679 μὴ
883 2609 981 2676 τὴν
1022 2607 1202 2677 ψυχήν
1238 2623 1333 2660 σου
1362 2607 1496 2679 δύνῃ
1527 2607 1664 2676 μετά
1698 2607 1877 2676 μόνων

291 2702 524 2770 ποιῆσαι
558 2699 668 2754 τῶν
699 2700 829 2770 περὶ
857 2700 1026 2771 αὐτὴν
1049 2699 1350 2770 λογισμῶν,
1380 2699 1483 2754 κᾶν
1501 2699 1562 2752 τὸ
1593 2700 1752 2771 σῶμα
1785 2717 1881 2752 σου

297 2791 558 2864 μονάζειν
586 2792 918 2861 ἀνάγκαζον,
945 2794 1045 2861 τὴν
1094 2792 1222 2862 περὶ
1278 2791 1409 2845 αὐτὸ
1460 2792 1752 2862 ἀθλιότητα
1794 2790 1885 2844 διὰ

295 2885 498 2948 παντὸς
518 2884 866 2955 ἐννοούμενος
896 2900 909 2912 ·
939 2883 1082 2937 οὕτω
1117 2884 1227 2954 γὰρ
1251 2883 1329 2955 τῷ
1357 2884 1533 2955 χρόνῳ
1559 2885 1700 2937 ἐλέει
1724 2883 1881 2949 Θεοῦ,

293 2978 553 3049 καὶπρὸς
579 2979 642 3031 τὸ
668 2977 886 3049 πρῶτον
935 2977 1272 3048 ἀναδραμεῖν
1313 2976 1520 3050 δυνήσῃ
1573 2977 1672 3049 τῆς
1722 2978 1884 3046 εὐγεο

293 3073 452 3136 νείας
490 3072 730 3143 ἀξίωμα.

380 3185 514 3258 ρις·’.
570 3186 628 3240 Ὀ
679 3185 779 3255 μὲν
828 3183 1132 3255 πρακτικὸς
1171 3185 1500 3240 ὑποτάσσειν
1533 3183 1770 3248 εὐκόλως
1797 3185 1886 3238 δύ-

295 3299 461 3337 ναται
489 3279 581 3333 τὸν
612 3279 736 3332 νοῦν
765 3282 831 3350 τῇ
864 3281 1018 3350 εὐχῇ·
1050 3269 1079 3333 6
1111 3277 1169 3332 δὲ
1199 3277 1552 3348 θεωρητικὸς,
1589 3276 1689 3349 τὴν
1722 3276 1888 3348 εὐχὴν

297 3374 382 3444 τῷ
406 3375 508 3427 νοτ.
549 3373 610 3424 '0
654 3373 751 3442 μὲν
778 3371 890 3424 ἀπο
911 3371 1020 3423 τῶν
1041 3370 1385 3439 φαινομένων
1415 3369 1719 3422 συστέλλων
1755 3387 1884 3440 σχη-

305 3467 496 3537 μάτων
540 3465 640 3532 τὴν
668 3461 920 3532 αἴσθησιν
943 3475 957 3489 ·
989 3463 1017 3514 6
1045 3461 1103 3514 δὲ
1139 3461 1237 3532 τὴν
1265 3459 1444 3529 ψυχὴν
1477 3460 1612 3531 πρὸς
1645 3462 1770 3524 τοὺς
1799 3461 1886 3528 ὲγο

301 3553 727 3624 κεκρυμμένους
754 3552 870 3612 τοῖς
908 3552 1114 3620 ῥήμασι
1136 3549 1326 3616 λόγους
1353 3548 1754 3619 μεταόιὸἀζων.
1779 3552 1891 3603 Καὶ

298 3648 334 3700 6
373 3645 472 3714 μὲν
501 3643 772 3713 σωμάτων
811 3640 989 3693 πείθει
1020 3640 1209 3708 λόγους
1237 3640 1328 3714 τρν
1357 3638 1483 3693 νοῦν
1503 3641 1705 3694 ἐννοεῖν
1731 3656 1745 3670 ·
1776 3640 1804 3693 6
1832 3640 1892 3693 δὲ

301 3707 616 3807 ἀσωμάτων
640 3734 944 3788 κατανοεῖν.
987 3707 1289 3810 Ἀσώματᾶ
1310 3731 1368 3785 δέ
1394 3732 1502 3785 είσι
1530 3731 1679 3801 λόγοι
1703 3733 1891 3804 σωμά-

301 3845 440 3894 των,
474 3825 739 3896 ίδιότητές
763 3842 822 3878 τε
853 3825 949 3878 καὶ
977 3824 1158 3878 οὐσίαι
1191 3823 1394 3878 αὐτῶν.

397 4105 517 4178 ριζ’.
575 4106 748 4158 Ὅταν
798 4103 892 4156 τὸν
941 4102 1066 4156 νοῦν
1091 4119 1186 4156 σου
1215 4103 1314 4173 τῆς
1337 4102 1447 4157 τῶν
1463 4093 1771 4174 σωμάτων,
1805 4105 1898 4158 καὶ

319 4198 647 4269 βρωμάτων,
672 4196 766 4248 καὶ
797 4195 1099 4265 χρημάτων
1129 4193 1463 4264 ἡδυπαθείας
1497 4195 1894 4268 ἐλευθερώσῃς,

313 4291 439 4343 τότε
471 4289 565 4341 καὶ
597 4289 733 4357 ὅπερ
773 4285 840 4339 ἂν
881 4287 1079 4349 ποιεῖς,
1129 4284 1303 4356 δῶρον
1362 4286 1604 4356 καθαρὸν
1655 4287 1732 4358 τῷ
1779 4290 1899 4361 θεῷ

314 4379 700 4449 λογισθήσεται
736 4394 750 4408 ·
787 4377 1196 4448 άντιδοθήσεται
1223 4379 1278 4430 δέ
1319 4394 1401 4430 σοι
1430 4377 1526 4431 τοῦ
1559 4377 1899 4451 διανοιγῆναι

1975 1795 2211 1865 subjecti
2247 1791 2577 1849 diﬁ‘crentia.

2050 1860 2172 1941 115.
2210 1885 2363 1941 Mens
2405 1885 2596 1955 plures
2630 1882 2807 1936 iniens
2847 1878 2983 1937 vias,
3013 1867 3339 1928 insatiabilis
3381 1860 3562 1918 nosci—

1978 1988 2070 2034 tur
2094 1996 2108 2032 :
2137 1977 2204 2033 ad
2234 1991 2400 2032 unam
2424 1991 2554 2030 vero
2579 1974 2831 2034 collecta,
2863 1982 2984 2038 quae
3017 1972 3102 2020 est
3125 1958 3412 2022 orationis,
3436 1966 3562 2008 cum

1977 2066 2216 2124 necdum
2247 2074 2407 2122 nacta
2439 2072 2523 2121 est
2550 2061 2967 2134 perfectionem,
2999 2050 3277 2125 angustari
3313 2047 3561 2109 videtur;

1980 2177 2180 2232 rogans
2233 2160 2328 2231 qui
2391 2159 2466 2214 sit
2524 2157 2835 2229 particeps,
2898 2149 2965 2205 ad
3027 2162 3093 2203 ea
3155 2140 3360 2199 dimitti
3418 2134 3564 2191 unde

1979 2255 2208 2310 exierat.

2053 2344 2177 2399 114.
2212 2342 2256 2398 Ε
2302 2341 2443 2398 coelo
2493 2340 2755 2396 devectus
2805 2335 3044 2402 animus,
3103 2346 3214 2387 non
3264 2342 3333 2383 eo
3375 2334 3568 2379 ntrsus

1981 2436 2178 2493 evadat
2218 2433 2560 2506 postliminio
2605 2445 2884 2493 reversus,
2912 2427 3020 2483 nisi
3059 2420 3306 2479 vacando
3342 2413 3566 2478 divinis,

1981 2538 2202 2585 terrena
2228 2528 2344 2583 hate
2368 2525 2736 2594 inferioraque
2763 2517 3178 2591 contempserit.

2055 2621 2179 2675 115.
2221 2619 2316 2674 Sin
2347 2618 2530 2672 minus
2566 2615 2696 2670 licet
2734 2615 2814 2669 sic
2849 2625 3179 2683 componere
3209 2606 3479 2664 animum.
3509 2606 3572 2654 ut

1982 2728 2109 2768 cum
2140 2711 2278 2766 solis
2315 2709 2462 2764 circa
2503 2708 2685 2778 ipsum
2724 2703 3150 2778 cogitationibus
3181 2705 3453 2758 versetur,
3481 2692 3569 2746 vel

1985 2817 2187 2873 corpus
2234 2810 2392 2857 tuum
2444 2799 2752 2855 solitarium
2804 2813 2924 2853 esse
2968 2810 3120 2866 coge,
3161 2805 3281 2848 eam
3327 2801 3451 2859 qua:
3492 2783 3570 2838 illi

1984 2893 2196 2967 adiacet
2239 2891 2517 2947 miseriam
2549 2890 2811 2944 continue
2845 2886 3090 2959 cogitans
3117 2903 3130 2938 :
3157 2883 3239 2939 sic
3264 2880 3410 2936 enim
3443 2889 3574 2946 pro-

1985 3002 2145 3044 cessu
2189 2983 2473 3054 temporis,
2510 2983 2579 3038 ad
2625 2983 2916 3053 pristinam
2963 2993 3183 3050 quoque
3236 2973 3428 3030 licebit
3475 2968 3572 3025 Dei

1911 3076 1954 3134 C
1987 3078 2283 3136 clementia
2318 3076 2500 3132 redire
2529 3074 2888 3146 ingenuitatis
2915 3069 3310 3144 praestantiam.

2062 3193 2188 3248 116.
2225 3192 2276 3246 Is
2327 3189 2552 3260 quidem
2611 3189 2705 3258 qui
2763 3187 2977 3242 actione
3029 3181 3370 3252 defungitur,
3417 3176 3574 3231 facile

1991 3293 2233 3342 mentem
2275 3283 2550 3354 subjicere
2599 3291 2780 3351 potest
2821 3277 3093 3342 orationi;
3133 3275 3227 3346 qui
3263 3288 3395 3329 vero
3441 3286 3571 3325 con-

1994 3376 2338 3448 templationi
2369 3375 2577 3436 studet,
2604 3375 2907 3428 orationem
2931 3369 3123 3426 menti.
3150 3368 3303 3424 Alter
3331 3364 3573 3435 quidem,

1991 3469 2372 3527 contrahendo
2406 3483 2628 3524 sensum
2660 3468 2729 3521 ab
2752 3483 2945 3521 eorum
2978 3464 3165 3536 liguris
3187 3478 3309 3532 quae
3338 3461 3392 3514 in
3423 3473 3577 3528 aspe—

1993 3570 2142 3616 ctum
2176 3561 2416 3624 cadunt;
2451 3559 2590 3614 alter
2625 3573 2779 3622 vero,
2813 3558 3055 3611 animum
3100 3553 3478 3609 transferendo
3507 3548 3574 3604 ad

1994 3656 2236 3708 rationes
2270 3653 2506 3729 latentes
2535 3652 2592 3705 in
2627 3651 2829 3706 verbis.
2854 3650 2933 3705 Ac
2959 3648 3184 3720 quidem
3213 3647 3372 3710 alter,
3408 3641 3574 3698 menti

1996 3755 2191 3800 auctor
2229 3753 2313 3800 est
2355 3728 2750 3815 utcorporum
2787 3742 3031 3798 rationes
3059 3740 3406 3805 consideret;
3441 3728 3585 3791 alter

1997 3851 2146 3899 vero,
2177 3844 2238 3890 ut
2271 3837 2726 3907 incorporearum
2761 3836 2921 3906 plene
2955 3834 3243 3904 intelligat.
3282 3831 3422 3887 Sunt
3448 3843 3580 3884 vero

1999 3927 2341 3997 incorporea:
2406 3943 2700 3997 corporum
2761 3926 3034 3991 rationes,
3092 3937 3394 3994 eorumque
3453 3935 3580 3975 cum

1997 4021 2364 4090 proprietates
2392 4028 2505 4074 tum
2532 4021 2809 4091 essentitc.

2072 4111 2196 4162 117.
2235 4108 2373 4162 Cum
2401 4118 2640 4165 mentem
2671 4119 2819 4164 tuam
2850 4125 2880 4164 a
2911 4122 3206 4178 corporum
3239 4116 3294 4162 et
3323 4105 3579 4160 .ciborum

2001 4215 2066 4254 ac
2090 4200 2451 4270 pecuniarum
2481 4201 2791 4272 voluptario
2821 4201 3019 4256 affectu
3045 4198 3210 4270 654
3246 4215 3310 4252 ac
3353 4196 3582 4250 libidine

2000 4293 2352 4359 liberaveris,
2420 4302 2552 4348 tunc
2598 4294 2862 4364 quidquid
2926 4292 3156 4357 feceris,
3213 4305 3415 4344 nnmus
3473 4287 3584 4342 Deo

2004 4386 2271 4440 mundum
2328 4386 2693 4456 reputabitur,
2742 4386 3188 4456 retribueturque
3224 4385 3321 4438 tibi
3360 4391 3421 4437 ut
3460 4397 3587 4452 ape-

319 4576 406 4626 tu,
438 4578 468 4616 a
497 4561 902 4636 phantasmate,
934 4561 1080 4636 quod
1108 4562 1293 4636 sensui
1315 4563 1562 4636 ascribit.
1589 4564 1716 4621 Sive
1741 4566 1888 4620 enim
1925 4570 1965 4622 D
1994 4566 2281 4631 Maximus,
2301 4566 2515 4635 λογικά,
2538 4581 2646 4620 non
2675 4567 2792 4636 ipsa
2826 4565 3038 4620 ratione
3066 4561 3317 4636 praedita,
3346 4561 3441 4615 sed
3466 4578 3587 4636 qme

320 4629 513 4706 ipsam—
531 4631 612 4686 rei
653 4629 1020 4699 quidditatem
1045 4632 1504 4706 intelligam-quod
1537 4644 1698 4689 vocat
1714 4638 1893 4706 νόημα

322 4701 404 4772 (id
458 4709 544 4756 est
594 4709 926 4774 conceptum
976 4701 1180 4774 mentis
1221 4717 1286 4756 ac
1333 4701 1728 4774 intellectum),
1781 4701 1898 4760 sive

320 4770 474 4827 circa
530 4770 847 4846 accidentia
876 4779 932 4824 et
985 4771 1352 4846 proprietates
1413 4770 1711 4840 discurrat,
1752 4777 1901 4846 quod

318 4843 586 4910 λογισμὸν
635 4840 921 4921 indigetat,
955 4840 1182 4921 omnino
1221 4858 1449 4921 necesse
1472 4853 1593 4921 cst,_
1620 4854 1683 4898 ut
1729 4840 1904 4916 phan-

322 4911 712 4985 tasma,_quasi
747 4913 943 4985 omnis
965 4911 1102 4985 ejus
1124 4913 1454 4985 cognitionis
1481 4914 1676 4980 basim,
1710 4911 1905 4985 specu-

323 4987 499 5045 lctur,
534 4983 589 5036 in
620 4997 730 5050 quo
754 4991 809 5035 et
829 4981 1162 5045 accidentia,
1185 4981 1241 5036 et
1261 4982 1378 5052 ipsa
1401 4987 1640 5040 essentia
1684 4981 1792 5042 illis
1818 4990 1902 5041 in-

327 5055 542 5116 voluta,
583 5053 820 5125 eluceat.
854 5052 936 5104 Τά
962 5052 1153 5125 λογικά
1177 5053 1324 5125 quod
1350 5064 1529 5119 vocat,
1553 5072 1617 5110 ea
1643 5073 1764 5125 qua:
1789 5058 1904 5112 dis-

324 5139 494 5198 cursu
544 5138 608 5177 ac
653 5122 868 5198 ratione
913 5124 1203 5198 cogitante
1246 5123 1630 5198 intelliguntur
1664 5122 1906 5198 (passive

324 5195 547 5247 scilicet
569 5193 777 5247 utendo
799 5193 891 5245 illa
909 5194 1061 5263 voce)
1081 5193 1244 5262 paulo
1268 5193 1594 5251 insolentius
1613 5193 1716 5252 est.
1736 5199 1906 5253 Aﬂine

328 5275 517 5317 tamen
555 5272 661 5327 est,
712 5263 858 5332 quod
887 5265 1107 5332 λογικὴν
1161 5263 1349 5316 στάσιν
1393 5265 1587 5322 dicunt
1633 5271 1906 5332 rhetores,

323 5342 533 5388 statum
565 5333 908 5387 rationalem.
934 5333 1334 5401 Quintilianus,
1374 5337 1414 5390 l.
1471 5353 1549 5400 ιιι,
1589 5354 1638 5391 c.
1664 5340 1729 5394 5:
1764 5340 1910 5394 Illud

323 5405 656 5481 iumpmnes
709 5404 968 5481 fatentur,
1001 5421 1110 5481 esse
1135 5407 1449 5481 quastiones
1479 5417 1572 5481 aut
1598 5410 1652 5462 in
1689 5413 1908 5481 scripto,

327 5476 509 5548 autin
545 5492 649 5548 non
669 5475 893 5548 scripto:
917 5477 975 5548 in
1006 5476 1367 5548 scripto,s.unt
1402 5478 1465 5530 de
1497 5479 1624 5548 jure
1639 5496 1655 5533 :
1697 5483 1753 5534 in
1797 5475 1912 5534 ἠοη

325 5546 551 5614 scripto,
585 5546 648 5597 de
677 5561 768 5598 re:
794 5544 927 5598 illud
959 5545 1149 5616 legale,
1210 5546 1302 5598 hoc
1344 5544 1631 5601 rationale.
1679 5551 1912 5605 Herma-

328 5624 685 5688 gorasatque
717 5632 843 5688 e_um
878 5617 1053 5688 secuti
1077 5625 1298 5688 vocant,
1323 5619 1545 5681 νομικὸν
1575 5627 1631 5672 et
1675 5621 1910 5688 λογικόν.

332 5687 473 5759 Item
493 5685 877 5759 C_i_ccro,Tusc.
984 5702 1071 5759 Iv_:_
1101 5685 1270 5738 [Iubes
1323 5704 1386 5759 ea
1427 5705 1546 5757 qua:
1597 5690 1660 5743 de
1699 5685 1912 5759 pertur-

331 5756 637 5829 lrationibus
668 5755 996 5829 enucleatius
1020 5755 1479 5829 disputantStoiei
1505 5775 1520 5811 :
1553 5777 1672 5828 qua:
1699 5755 1909 5829 ’λογικᾶ

336 5823 639 5897 appellant,
675 5826 799 5896 quia
831 5823 1142 5880 asseruntur
1169 5826 1434 5882 subtilius.
1469 5823 1575 5884 Sic"
1599 5823 1797 5904 itaque
1827 5834 1916 5900 lijc

2003 4637 2084 4691 sic
2119 4637 2335 4692 ratione
2377 4631 2796 4707 percipiuntur;
2827 4646 2884 4690 et
2917 4651 3037 4707 quzLj
3060 4631 3373 4707 rationalia,
3394 4631 3585 4707 eadem

2003 4723 2128 4762 cum
2160 4702 2548 4763 ercis'vocis‘
2579 4707 2869 4776 ὁμωνυμίᾳ.
2918 4702 3169 4776 cogimur
3209 4702 3586 4776 dicere,qu_od

2002 4795 2113 4832 non
2148 4779 2421 4834 distincta:
2444 4771 2630 4840 voces,
2655 4786 2716 4830 ut
2737 4771 2868 4831 sunt
2896 4776 2956 4828 τὸ
2971 4771 3166 4842 ,νοητὸν
3195 4782 3253 4826 et
3287 4771 3350 4824 τὸ
3383 4773 3570 4842 νοερὸν

2003 4850 2105 4902 etsi
2133 4865 2235 4904 nec
2264 4850 2317 4904 in
2357 4850 2467 4903 illis
2513 4858 2774 4902 auctores
2817 4847 2950 4900 satis
2995 4843 3238 4898 accurati
3268 4851 3416 4902 sunt,
3467 4858 3586 4901 nec,

2005 4935 2129 4973 raro
2161 4935 2356 4974 eorum
2382 4919 2687 4988 signilieata
2704 4916 3066 4988 confundant,
3093 4929 3158 4968 ac
3196 4913 3344 4984 quod
3371 4912 3584 4981 passivi,-

2006 4998 2186 5054 sonat,
2211 4990 2389 5044 active
2415 4987 2711 5056 accipiant,
2753 4987 3128 5053 vicissimque.

2079 5053 2179 5129 (1'),
2207 5058 2489 5128 Λιπίιρῶν
2537 5053 2662 5129 τὸν-ξ
2680 5059 2964 5126 μέτοχον.
3000 5055 3263 5129 Placebat
3318 5053 3495 5129 magis
3525 5066 3585 5129 ιιι

2007 5124 2155 5184 esset
2207 5130 2299 5182 τὸν
2340 5124 2588 5199 ιξάτοχον.
2636 5124 2856 5196 Rogans
2891 5143 3040 5188 eum,
3079 5125 3174 5195 qui
3215 5125 3302 5178 vir
3325 5124 3591 5193 spiritalis

2010 5201 2102 5263 sit,
2136 5201 2337 5267 ἔνθεος,
2372 5201 2573 5270 plenus
2603 5199 2812 5268 Spiritu
2861 5213 2924 5252 ac
2974 5199 3229 5270 oratione
3270 5204 3588 5270 provectus.

2011 5273 2241 5342 ejusque
2301 5265 2500 5326 nactus
2524 5265 3188 5342 perfectionem_;__quique
3240 5265 3380 5342 adeo
3406 5265 3590 5342 quiete

2013 5336 2068 5395 in
2095 5336 2187 5396 illa
2222 5341 2478 5405 fruatur;
2506 5336 2622 5410 prae
2644 5336 3499 5410 laborisgscilicetﬂimpatientia,
3533 5344 3594 5387 ut

2013 5412 2070 5466 in
2105 5413 2231 5466 aliis
2285 5412 2366 5467 sic
2411 5405 2696 5481 dissipatis
2735 5408 2966 5481 (actioni
3021 5405 3233 5481 scilicet
3283 5405 3592 5481 addictuml

2013 5483 2217 5537 morari
2246 5482 2394 5536 sinat
2420 5499 2434 5534 :
2468 5497 2532 5536 ac
2555 5477 2645 5534 νεὶ
2661 5479 2918 5542 maxime,
2941 5477 3088 5548 quod
3111 5491 3313 5548 ea_vox
3341 5477 3542 5548 κάτοχο
3563 5495 3592 5536 ·,

2014 5555 2182 5608 etiam
2223 5552 2460 5606 activam
2501 5545 2974 5621 signiﬁcationem
3019 5546 3365 5621 quandoque
3400 5545 3596 5600 admit-

2017 5631 2114 5676 tat.
2150 5623 2242 5676 Sic
2267 5624 2416 5676 enim
2451 5623 2539 5676 ille
2559 5617 2620 5676 in
2653 5620 2922 5674 orationis
2937 5617 3204 5673 exercitio
3255 5617 3597 5671 detinentem

2019 5695 2235 5748 Patrem
2276 5692 2608 5761 spiritalem,
2639 5691 2708 5745 ab
2735 5706 2799 5745 ea
2833 5691 3138 5756 dimittere,
3187 5688 3269 5745 sic
3313 5688 3472 5758 quasi
3509 5697 3599 5742 te:—

2019 5764 2111 5821 dio
2136 5764 2318 5819 victus
2345 5777 2617 5833 propense
2645 5769 2819 5832 roget.
