4184 6436
299 432 435 496 1429

1458 435 1636 494 ALlA
1678 435 1780 494 ΕΧ
1817 435 2056 495 VATIC.
2098 437 2384 495 (ΣΜῚΤΛ.

3413 445 3555 515 1430

291 545 368 615 τῷ
398 547 426 598 ὀ
459 541 796 607 τοιοῦτος,ὲν
821 541 1098 611 καινότητι
1132 540 1276 611 ζωῆς
1317 540 1742 597 πολιτεύσασθαι
1765 542 1866 614 (u).

1973 542 2166 598 trahit.
2198 542 2303 610 Qui
2333 559 2465 614 ergo
2507 545 2616 610 liat,
2647 556 2707 600 ιιι
2736 547 2824 602 hic
2865 549 2989 604 talis
3017 564 3141 604 cum
3185 566 3254 606 eo
3288 568 3553 628 resurgat,

365 720 496 791 ρκδ’.
537 721 718 792 Τριῶν
768 721 940 774 οὑσῶν
987 722 1086 790 τῆς
1133 719 1312 789 ψυχῆς
1361 722 1874 792 περιεκτικωτέρων

291 812 498 884 ἀρετῶν
527 815 622 884 (υ),
655 812 929 883 νηστείας,
959 811 1125 881 εὐχῆς
1168 827 1224 863 τε
1260 809 1356 863 καὶ
1411 814 1646 882 σιωπῆς,
1700 813 1872 880 ἀναγ-

289 906 442 958 καῖον
467 904 560 957 τὸν
603 904 702 974 μὲν
761 903 820 968 ἐξ
859 903 1022 973 εὐχῆς
1076 901 1304 955 λύεσθαι
1353 901 1638 971 μέλλοντα,
1673 905 1751 967 εἰς
1778 903 1874 974 τὴν

288 995 527 1067 θεωρίαν
591 995 1074 1049 ἑπαναπαὺεσθαι’
1135 995 1229 1046 τὸν
1279 994 1335 1046 δὲ
1401 995 1466 1045 ἐκ
1530 996 1763 1064 σιωπῆς,
1797 998 1874 1059 είς

291 1085 491 1157 ἠθικὴν
522 1086 762 1156 ὁμιλίαν,
792 1088 870 1148 είς
902 1084 1166 1155 δευτέραν
1196 1083 1290 1136 καὶ
1319 1085 1727 1156 κεχαρισμένην
1753 1103 1876 1157 τρο-

289 1177 396 1247 φὴν
419 1178 513 1230 τὸν
552 1195 615 1248 νη
625 1177 908 1231 στεὺοντα.

360 1266 493 1337 ρκε’.
551 1267 639 1318 Ἐθ
672 1271 785 1330 τοῖς
815 1267 1036 1330 οἰκείοις
1066 1268 1171 1332 ἓως
1199 1269 1436 1338 ὑπάρχει
1469 1271 1497 1321 ὁ
1527 1267 1671 1332 νοῦς,
1707 1265 1872 1332 σώζει

286 1357 347 1410 τὸ
379 1357 502 1410 καθ’
537 1359 820 1428 ὁμοίωσιν,
858 1358 1067 1426 ἀγαθός
1105 1377 1165 1412 τε
1217 1359 1314 1413 καὶ
1373 1359 1665 1430 συμπαθὴς
1721 1359 1873 1430 εὑρι-

288 1451 576 1520 σκόμενος.
625 1451 710 1503 Ἐν
741 1453 796 1503 δὲ
828 1453 940 1514 τοῖς
967 1453 1088 1504 κατ’
1125 1450 1382 1520 αἴσθησιν
1405 1451 1662 1520 γεγονὼς,
1702 1453 1749 1503 εἰ
1775 1451 1874 1521 μὲν

285 1535 526 1606 εὐχερῶς
561 1537 654 1590 καὶ
686 1537 813 1610 [μὴ]
843 1540 1230 1609 προσηκόντως
1257 1539 1334 1610 (ω)
1371 1541 1720 1610 κατέρχεται,
1758 1543 1872 1592 πεῖ-

286 1643 388 1696 ραν
431 1628 604 1690 διδοὺς
656 1630 750 1682 καὶ
799 1629 1122 1699 λαμϐάνων,
1181 1630 1240 1685 ὲν
1282 1632 1515 1694 ἐκείνοις
1558 1631 1868 1702 εὑρωστῶν,

285 1715 443 1784 αὖθίς
473 1737 532 1773 τε
568 1723 705 1792 πρὸς
736 1722 928 1776 ἑαυτὸν
957 1723 1342 1795 ἐπανέρχεται,
1384 1725 1515 1799 περὶ
1549 1727 1639 1779 τὸν
1682 1727 1870 1799 καιρὸν

285 1813 382 1865 καὶ
415 1814 514 1883 τὴν
547 1816 760 1884 χρείαν,
791 1815 866 1880 ῶς
891 1824 975 1880 τις
998 1819 1307 1890 στρατηγὸς
1349 1819 1753 1890 ἀπερίσκεπτος
1785 1821 1873 1872 εὑ-

285 1904 604 1976 ρεθήσεται,
637 1907 699 1959 τὸ
733 1907 866 1961 πολὺ
903 1887 1080 1964 αὑτοῦ⁷
1110 1887 1548 1982 ὑποτεμνόμενος
1574 1911 1675 1980 τῆς
1711 1911 1871 1964 δυνά·
1905 1887 1945 1946 Β

291 2012 436 2066 μεως
466 1997 526 2050 ὲν
560 1998 638 2066 τῷ
671 1999 968 2070 μάχεσθαι.
1002 2002 1152 2073 Πλὴν
1189 2003 1250 2056 οὑ
1283 2004 1485 2066 πάντες
1531 2003 1741 2056 ἐκείνου
1783 2003 1871 2055 ὲκ-

283 2088 379 2150 τὸς
439 2090 870 2161 εὑρεθήσονταιφ
895 2094 1010 2148 ὅσοι
1060 2096 1214 2157 ἐντὸς
1248 2095 1344 2148 τοῦ
1392 2095 1868 2167 ἐμπεριεχομένου

283 2182 539 2251 γενέσθαι
567 2184 667 2237 οὑκ
701 2185 952 2256 ἴσχυσαν.

362 2447 506 2518 ρκςῖ
561 2449 620 2502 Ὀ
667 2449 766 2518 μὲν
823 2449 1078 2520 αἰσθητὸς
1124 2451 1296 2522 ἣλιος,
1340 2451 1497 2516 ξένας
1528 2451 1628 2516 τὰς
1669 2450 1868 2506 ἑαυτοῦ

285 2542 514 2605 ἀκτῖνας
572 2541 631 2608 ἐξ
666 2543 844 2606 οἰκίας
878 2543 1276 2616 κεκλεισμένης
1309 2545 1636 2615 καθίστησι·
1673 2549 1774 2600 οὑκ
1803 2545 1869 2601 ἂν

285 2633 340 2686 δὲ
373 2635 471 2697 τὰς
498 2635 706 2699 οἰκείας
737 2639 767 2689 ὁ
791 2636 983 2707 νοητὸς
1007 2638 1307 2708 ἑπαφήσει,
1330 2641 1399 2710 τῇ
1427 2639 1502 2709 μὴ
1543 2633 1867 2709 κεκλεισμέ-

285 2744 384 2790 νας
417 2727 615 2798 ὲχοὺσῃ
649 2729 750 2792 τὰς
775 2730 1056 2800 αἰσθήσεις
1080 2730 1188 2784 ἀπὺ
1209 2730 1318 2783 τῶν
1346 2729 1638 2800 ὁρωμένων
1659 2731 1826 2800 ψυχῇ.

361 2907 498 2976 ρκζ’.
535 2907 841 2971 Γνωστικός
879 2909 1050 2973 ἐστιν,
1083 2911 1110 2963 ὁ
1138 2908 1236 2972 τὰς
1277 2909 1376 2978 μὲν
1408 2908 1740 2972 καταϐάσεις
1770 2908 1866 2962 αὑ-

286 2999 382 3052 τοῦ
411 3001 862 3070 μεγαλοπρεπῶς·
921 3003 1381 3074 ταπεινοπρεπῶς
1429 3003 1488 3056 δὲ
1537 3003 1636 3074 τῆς
1688 3002 1867 3073 ψυχῆς

286 3093 386 3156 τὰς
416 3094 714 3158 ἀναϐάσεις
751 3094 1151 3164 διατιθέμενος.

359 3190 503 3255 ρκη’.
542 3183 787 3238 Μέλιττα
830 3187 928 3256 μὲν
965 3186 1207 3256 λειμῶνα
1273 3187 1692 3257 περινοστοῦσα,
1723 3186 1867 3240 ἐκεῖ·

284 3275 486 3347 θεντῷ
537 3278 714 3347 μέλιτι
763 3278 862 3342 τὰς
912 3278 1168 3349 ἀφορμὰς
1222 3281 1685 3351 προσπορίζεται’
1715 3280 1862 3350 ψυχὴ

283 3369 342 3420 δὲ
384 3371 464 3432 εἰς
515 3371 718 3434 αἰῶνας
752 3372 1188 3442 περισκοποῦσα,
1229 3374 1478 3427 ποικίλον
1514 3373 1742 3427 αὐτόθεν
1769 3374 1860 3427 τὸν

281 3461 604 3532 γλυκασμδν
636 3466 703 3534 τῇ
729 3463 935 3534 διανοίᾳ
965 3465 1194 3535 ἐνίησιν.

359 3554 497 3623 ρκθ’.
551 3556 614 3606 Ἦ
668 3555 996 3625 ἐμφαγοῦσαι
1056 3557 1156 3626 μὲν
1204 3556 1401 3626 ἔλαφος
1455 3558 1630 3626 ὄφεις,
1661 3556 1738 3610 ἰὸν
1770 3556 1864 3611 τοῦ

283 3651 502 3712 σϐέσαι,
537 3652 673 3723 πρὸς
703 3653 912 3706 ὑδάτων
941 3654 1126 3724 τρέχει
1157 3656 1338 3726 πηγάς
1361 3671 1373 3684 ’
1405 3655 1553 3726 ψυχὴ
1599 3654 1656 3708 δὲ
1700 3656 1734 3725 ἡ
1770 3653 1857 3723 βέ-

280 3739 403 3794 lacn
432 3741 598 3804 θείοις
622 3741 918 3812 τρωθεῖσα,
955 3745 1234 3799 ἄπαυστον
1267 3744 1415 3799 ἕλκει
1445 3746 1536 3800 τὸν
1577 3745 1862 3818 τρώσαντα

283 3833 308 3884 ἒ
319 3850 488 3901 ρωτα.

359 3925 456 3995 ρλ’.
493 3927 653 3980 Ψιλοὶ
695 3928 794 3996 μὲν
844 3928 1095 3997 λογισμοὶ
1149 3930 1215 3999 τῇ
1273 3930 1532 4001 μοναδικῇ
1584 3931 1695 4002 ζωῇ
1736 3932 1857 3983 ἑπι-

280 4017 548 4086 φύσνται·
601 4019 950 4091 ὲπιλογισμοὶ
980 4019 1037 4072 δὲ
1075 4023 1142 4092 τῇ
1181 4021 1440 4092 δυαδικῇ·
1472 4025 1538 4093 τῇ
1585 4023 1642 4076 δὲ
1690 4023 1859 4076 πολυ-

355 4173 402 4207 ³³
436 4172 593 4228 Rom.
623 4189 698 4236 vr,
733 4175 785 4228 4.

359 4319 438 4440 (ιγ
477 4321 580 4373 Ἑν
612 4321 914 4386 καινότητι
945 4319 1094 4387 {ibi};
1127 4321 1622 4378 πολιτεύσασθαι.
1651 4320 1857 4375 Posue-

384 4389 410 4440 ll
437 4390 817 4440 aximushanc
852 4405 1066 4440 vocem.
1101 4399 1161 4440 ut
1190 4397 1560 4440 'exnonentem
1595 4405 1857 4440 eam.nua

280 4391 359 4444 rit
384 4389 817 4443 Maximushanc
852 4405 1066 4453 vocem,
1101 4399 1161 4443 ut
1190 4397 1560 4458 exponentem
1595 4405 1858 4459 eam,qua

279 4461 492 4514 Paulus
517 4476 653 4513 usus
677 4469 781 4521 est,
812 4461 1300 4527 περιπατήσωμεν,
1339 4475 1504 4529 quam
1530 4470 1586 4514 et
1612 4461 1856 4529 expressi

281 4531 338 4582 in
370 4529 649 4584 versione.
683 4530 773 4583 Sic
821 4529 1628 4592 enimambulare,conversari
1655 4541 1761 4593 est,
1783 4537 1862 4583 ta-

278 4601 543 4668 libusque
583 4599 898 4655 rationibus
929 4614 992 4652 ac
1017 4599 1310 4668 disciplina
1331 4599 1498 4653 vitam
1531 4615 1858 4669 componere

275 4680 337 4724 et
376 4671 618 4739 exigere.
673 4669 894 4739 Legisse
932 4670 1226 4722 Maximum
1261 4670 1688 4739 πολιτεύσωμεν,
1751 4686 1862 4723 non

276 4740 460 4793 ausim
497 4755 765 4793 asserere.

355 4809 429 4879 (υ)
464 4811 1004 4875 Περιεκτικωτέρων
1032 4808 1279 4875 ιὶῖετῶν.
1307 4809 1397 4864 Sic
1431 4818 1488 4863 et
1522 4809 1740 4863 Marcus
1768 4826 1862 4879 ge-

279 4882 502 4934 nerales
529 4881 765 4933 virtutes
799 4889 957 4934 vocat
985 4898 997 4932 τ
1028 4890 1300 4948 prmcepla
1329 4895 1550 4948 quoque
1583 4881 1861 4949 generalia

273 4962 336 5004 et
363 4950 744 5019 particularia,
774 4965 892 5019 cap.
926 4951 994 5004 25
1033 4949 1106 5002 De
1123 4951 1334 5018 justilia
1366 4966 1428 5003 ea:
1467 4967 1610 5020 oper.
1645 4949 1864 5016 ἐντολὴν

275 5021 640 5089 περιεκτικὴν
673 5019 830 5083 dicit,
875 5037 980 5089 qua
1012 5021 1158 5073 Dens
1184 5021 1345 5090 jubet
1381 5023 1546 5072 πᾶσιν
1591 5021 1864 5084 ἀποτάξα-

277 5091 549 5160 σθαιτοῖς
593 5092 960 5160 ὑπάρχουσιν·
997 5089 1376 5160 abrenuntiare
1419 5090 1657 5160 omnibus
1690 5089 1862 5156 facul-

278 5159 529 5216 tatibus:
595 5159 850 5229 μερικὴν,
911 5178 1019 5229 qua
1068 5159 1390 5226 μεταδοῦναι
1423 5159 1501 5229 τῷ
1558 5160 1631 5229 μὴ
1661 5160 1859 5229 ἔχοντι,

275 5233 515 5284 tribucre
538 5231 585 5283 ei
614 5232 704 5300 qui
737 5249 840 5283 non
864 5231 1036 5284 habet.
1065 5231 1137 5284 De
1163 5230 1424 5294 oratione,
1463 5246 1582 5298 cap.
1630 5232 1720 5295 8i),
1763 5233 1866 5283 πᾶ-

281 5320 388 5353 σαν
420 5301 682 5369 ἐργασίαν
721 5301 952 5353 ἐντολῶν
993 5303 1049 5352 ἐν
1077 5301 1214 5370 αὑτῇ
1274 5300 1752 5369 περικεκλεῖσθαι·
1781 5302 1863 5354 in-

275 5370 426 5423 ("ludi
459 5372 512 5424 in
545 5387 607 5423 ca
653 5387 860 5424 omnem
894 5373 1254 5440 operationem
1285 5373 1577 5424 virtutum:
1609 5385 1772 5438 quam
1809 5380 1865 5426 et

278 5441 836 5510 κεφαλαιωδεστέραν
864 5442 1097 5501 maxime
1128 5443 1345 5511 probat,
1372 5457 1492 5509 cap.
1521 5441 1642 5503 151,
1670 5440 1749 5494 sic
1775 5441 1862 5494 Ili-

277 5511 489 5566 mirum
524 5512 907 5572 sunnnariam,
941 5521 999 5564 ut
1031 5513 1166 5564 nihil
1197 5512 1251 5564 in
1279 5511 1464 5581 specie
1496 5526 1742 5574 oremus,
1766 5512 1862 5565 sed

277 5581 466 5650 soium
493 5581 586 5633 Dei
627 5597 852 5650 regnum
903 5590 957 5634 et
990 5581 1300 5636 doctrinam
1354 5583 1474 5649 ejus
1531 5597 1859 5649 qumramus.

280 5652 390 5706 liic
418 5649 1000 5719 Maximus’gcncrales
1033 5653 1267 5706 virtutes
1319 5662 1497 5711 vocat,
1534 5668 1653 5718 qua:
1685 5651 1862 5718 pluri-

278 5723 413 5783 lttlS,
453 5736 548 5774 seu
575 5723 738 5775 etiam
763 5722 1022 5776 omnibus
1043 5723 1389 5785 eonducant;
1419 5738 1524 5775 non
1556 5725 1700 5790 quod
1728 5722 1864 5776 alias

279 5804 484 5872 omnes
513 5793 984 5872 complectantur;
1051 5809 1156 5872 qua
1223 5793 1436 5872 ratione
1485 5793 1597 5845 sola
1641 5793 1864 5872 dilectio

278 5860 386 5918 Dei
420 5869 471 5915 et
495 5860 754 5931 proximi,
803 5860 1083 5916 omnium“
1113 5862 1344 5916 ἐντολῶν
1389 5866 1861 5934 περιεκτικωτὰτη

863 4177 908 4207 ⁸³
941 4175 1082 4231 Psal.
1119 4192 1221 4242 xu,
1259 4177 1312 4230 2.

1980 643 2040 687 ut
2071 634 2124 688 in
2160 635 2403 689 novitate
2438 637 2562 690 vita:
2594 639 2836 694 ambulet
2860 640 2938 693 '3?

2051 725 2172 779 12L
2209 725 2344 780 Cum
2396 734 2505 781 tres
2555 728 2722 781 animi
2756 730 2863 783 sint
2901 732 3271 800 generaliores
3304 735 3553 804 virtutes,

1971 813 2242 883 jejunium
2267 825 2321 869 et
2347 815 2524 870 oratio
2550 833 2613 871 ac
2645 818 2962 883 silentium;
2998 836 3219 878 necesse
3248 833 3352 891 est,
3380 835 3440 880 ut
3463 828 3554 896 qui

1976 920 2043 959 ex
2076 905 2326 960 oratione
2361 908 2642 963 soluturus
2675 920 2778 974 est,
2811 911 2864 963 in
2903 915 3421 982 contemplationem
3459 918 3556 972 de-

1977 997 2119 1052 sinat
2152 1015 2162 1049 :
2199 999 2293 1066 qui
2325 1014 2390 1052 ex
2421 1000 2660 1064 silentio,
2690 1003 2744 1056 in
2787 1018 3002 1057 morum
3043 1005 3464 1075 tabulationem;
3501 1009 3554 1064 in

1977 1091 2212 1144 alterum
2264 1107 2396 1146 vero
2459 1107 2522 1147 ac
2587 1110 2908 1151 concessum
2967 1097 3189 1162 cibum,
3243 1099 3290 1154 is
3337 1101 3430 1170 qui
3475 1102 3557 1172 je-

1971 1183 2148 1250 junat.

2049 1273 2172 1328 125.
2206 1274 2456 1339 Quamliu
2492 1277 2709 1332 animus
2737 1278 2792 1332 in
2818 1279 2935 1333 suis
2963 1290 3234 1346 versatur,
3269 1282 3374 1337 hoc
3408 1285 3553 1353 quod

1974 1376 2060 1422 est
2088 1367 2154 1420 ad
2182 1367 2600 1422 similitudinem
2647 1379 2856 1436 servat,
2903 1373 2997 1441 qui
3030 1374 3207 1429 bonus
3241 1377 3471 1432 exsistat
3501 1389 3556 1432 et

1975 1458 2312 1513 misericors.
2349 1461 2483 1513 Dum
2519 1470 2702 1515 autem
2742 1464 2797 1516 in
2823 1463 2890 1518 iis
2923 1481 3045 1534 qua:
3077 1465 3144 1520 ad
3176 1482 3395 1520 sensum
3429 1486 3554 1539 spe-

1973 1558 2145 1616 ctant,
2177 1551 2448 1622 siquidem
2503 1562 2707 1608 temere
2755 1554 2972 1625 levique
3021 1571 3089 1611 ex
3127 1573 3312 1624 causa,
3344 1570 3400 1614 et
3443 1577 3553 1616 non

1973 1658 2074 1713 pro
2114 1659 2182 1698 eo
2220 1659 2284 1699 ac
2326 1644 2484 1700 decet
2533 1645 2806 1717 ofﬁciique
2852 1649 2992 1704 ratio
3031 1653 3294 1720 postulat,
3328 1652 3554 1708 descen-

1973 1735 2075 1799 dit,
2104 1735 2242 1789 dans
2270 1738 2710 1805 experimentum
2737 1747 2793 1792 et
2819 1755 3062 1804 sumens,
3090 1743 3144 1796 in
3168 1743 3275 1797 illis
3298 1745 3554 1800 robustus

1975 1842 2038 1880 ac
2071 1826 2283 1895 vigens,
2319 1826 2385 1880 ad
2431 1843 2598 1897 seque
2637 1844 2829 1884 rursus
2864 1833 3186 1897 revertitur;
3233 1849 3356 1888 cum
3396 1850 3555 1890 occa-

1974 1916 2056 1971 sio
2082 1932 2145 1971 ac
2166 1917 2468 1972 necessitas
2497 1917 2703 1982 tulerit,
2734 1920 2882 1973 velut
2911 1919 3018 1974 dux
3058 1923 3279 1990 quidem
3315 1924 3554 1979 inconsi-

1973 2008 2195 2063 deratus
2247 2024 2351 2064 nec
2406 2011 2540 2065 satis
2597 2011 2841 2082 prudens
2893 2013 3196 2079 exstiterit,
3251 2017 3346 2086 qui
3391 2017 3551 2088 longe

1973 2115 2221 2170 magnam
2262 2101 2347 2154 sui
2372 2102 2648 2156 exercitus
2688 2113 2901 2172 partem
2933 2106 3227 2176 pugnando
3259 2106 3414 2178 {ante
3447 2125 3550 2178 pu-

1971 2189 2156 2263 gnam]
2197 2191 2465 2246 amiserit.
2506 2192 2776 2248 Czeterum
2807 2211 2918 2249 non
2965 2212 3156 2251 omnes
3186 2197 3256 2251 ab
3296 2198 3398 2253 hac
3445 2199 3549 2254 im-

1972 2297 2168 2339 munes
2206 2299 2346 2338 noxa
2389 2285 2760 2351 invenientur,
2797 2297 3066 2358 quotquot
3102 2291 3362 2344 nimirum
3406 2292 3549 2348 intra

1971 2376 2286 2446 przesidium
2317 2393 2374 2432 sc
2401 2379 2687 2434 continere
2719 2395 2827 2434 non
2858 2390 3174 2450 potuerunt.

2043 2466 2164 2522 126.
2209 2467 2300 2522 Sol
2332 2469 2435 2522 iste
2466 2469 2649 2524 sensui
2684 2472 2984 2541 expositus,
3019 2474 3293 2530 occlusam
3322 2476 3546 2533 domum

1971 2558 2248 2613 radiorum
2281 2575 2505 2614 suorum
2539 2560 2661 2616 luce
2685 2577 2794 2616 non
2825 2561 3097 2618 ati'undit:
3131 2573 3187 2619 at
3218 2583 3349 2622 vero
3387 2570 3552 2639 spiri-

1971 2649 2094 2704 talis
2139 2650 2252 2713 ille,
2297 2649 2442 2705 haud
2480 2651 2720 2722 fulgores
2752 2668 2880 2708 suos
2907 2653 2961 2708 in
2986 2655 3228 2710 animum
3266 2659 3546 2726 immittat,

1969 2741 2102 2810 quin
2139 2740 2305 2797 rebus
2336 2742 2390 2796 in
2417 2749 2699 2812 aspectum
2723 2743 3047 2801 cadentibus
3075 2747 3326 2803 occlusos
3354 2765 3556 2806 sensus

1970 2833 2246 2888 habuerit.

2040 2925 2161 2980 127.
2196 2925 2294 2983 Vir
2328 2924 2594 2996 spiritalis
2633 2938 2688 2984 et
2726 2930 2944 2999 sapiens
2982 2937 3088 2996 est,
3117 2931 3210 3001 qui
3249 2933 3553 2991 descensus

1969 3031 2099 3072 suos
2143 3017 2458 3087 magniﬁce;
2500 3017 2667 3072 animi
2708 3035 2842 3075 vero
2879 3035 3141 3078 ascensus
3186 3024 3380 3081 humili
3425 3041 3546 3083 mo-

1969 3108 2234 3192 destoque
2266 3123 2427 3163 sensu
2458 3109 2718 3178 disponit.

2040 3200 2160 3253 128.
2201 3200 2334 3270 Apis
2379 3209 2596 3269 pratum
2646 3202 2910 3259 oberrans
2961 3218 3025 3260 ac
3074 3205 3346 3274 lustrans,
3394 3209 3542 3265 melli

1967 3292 2287 3346 fabricando
2326 3294 2610 3347 materiam
2647 3295 2895 3365 congerit
2935 3313 2948 3348 :
2986 3297 3310 3369 animusque
3353 3302 3545 3359 sedulo

1969 3381 2166 3436 saecula
2198 3382 2578 3446 considerans,
2618 3384 2822 3438 variam
2853 3385 2978 3441 inde
3003 3387 3347 3444 dulcedinem
3373 3395 3543 3448 menti

1972 3475 2167 3545 injicit.
2264 3539 2274 3552 ‘

2044 3566 2164 3618 129.
2217 3563 2426 3628 Cervus
2485 3567 2666 3623 exesis
2721 3570 3099 3638 serpentibus,
3157 3582 3218 3626 ut
3270 3590 3542 3630 venenum

1970 3657 2300 3726 exstinguat,
2344 3657 2412 3711 ad
2462 3657 2642 3713 fontes
2689 3675 2956 3729 aquarum
2991 3662 3163 3720 currit
3200 3664 3244 3695 ³⁸
3281 3682 3293 3716 :
3328 3668 3545 3722 animus

1968 3765 2100 3804 vero
2135 3749 2336 3803 divinis
2365 3744 2582 3804 saucius
2619 3752 2834 3822 jaculis,
2874 3751 3236 3808 immortalem
3280 3755 3546 3813 adversus

1967 3842 2347 3896 vulnerantem
2381 3859 2620 3898 amorem
2653 3843 2838 3898 trahit.

2043 3933 2161 3987 150.
2213 3933 2384 3988 Nudae
2443 3935 2830 4004 simplicesque
2884 3937 3246 4008 cogitationes
3297 3941 3544 4010 proclive

1965 4033 2320 4078 succrescunt
2363 4025 2490 4079 vitae
2541 4025 2801 4080 solitaria:
2828 4042 2841 4080 ς
2873 4026 2924 4082 ei
2966 4041 3099 4083 vero
3141 4044 3264 4099 quae
3305 4030 3542 4087 duorum

1972 4320 2170 4402 merito
2208 4320 2388 4402 Marco
2421 4320 2824 4402 'diciturn-cap.
2864 4322 2990 4387 ΞΗ,
3047 4323 3274 4402 δευτέρα
3323 4343 3542 4398 κεχαρι-

1967 4392 2141 4460 σμένη
2191 4391 2392 4462 τροφή,
2422 4391 2581 4465 cibus
2639 4391 2717 4465 sit
2770 4391 2823 4445 in
2876 4394 3136 4465 secundis
3203 4391 3536 4465 concessus;

1965 4474 2164 4533 nempe
2192 4461 2527 4533 corporalis,
2555 4477 2653 4533 pro
2699 4461 2848 4530 justa
2885 4464 3136 4532 corporis
3188 4461 3536 4533 necessitate,

1897 4550 1936 4604 ῃ
1968 4531 2199 4608 ejusque
2213 4529 2588 4608 indulgentia,
2632 4532 2728 4608 Dei
2755 4529 3000 4608 munere:
3021 4534 3274 4608 donatus.

2041 4599 2116 4668 (ω)
2151 4601 2426 4668 Εὑχερὼς
2456 4601 2552 4654 καὶ
2594 4601 2677 4668 μὴ
2713 4604 3161 4668 προσηκόντως.
3210 4604 3407 4660 Addidi
3435 4624 3534 4661 ne-

1966 4671 2265 4741 gationem,
2309 4670 2455 4738 quod
2489 4687 2684 4724 vocum
2715 4673 2966 4741 opposita
2991 4675 3216 4727 omnino
3253 4677 3538 4739 ratio,nce

1966 4741 2142 4808 possit
2167 4740 2368 4808 aliquis
2400 4741 2477 4796 sic
2510 4740 2770 4810 εὐχερῶς,
2832 4741 2929 4795 levi
2954 4759 3016 4794 ex
3058 4760 3219 4796 causa
3251 4755 3297 4796 et
3343 4755 3538 4800 temere

1966 4811 2033 4863 ad
2061 4810 2285 4863 sensilia
2313 4811 2672 4874 descendere,
2709 4822 2764 4864 et
2794 4814 3196 4881 προσηκόντως,
3223 4819 3504 4870 conveniet:
3524 4847 3538 4857 -

1967 4882 2326 4953 t_erjp_staqu_e
2358 4890 2412 4934 et
2436 4897 2589 4950 aequa
2629 4882 2883 4953 ratione;
2916 4883 3195 4950 quomodo
3223 4886 3536 4953 ctiamper-

1965 4950 2092 5004 fecti
2137 4950 2189 5002 in
2225 4951 2334 5003 illis
2373 4961 2684 5010 versantur.
2741 4952 2892 5003 nullo
2918 4960 3013 5004 aut
3056 4953 3161 5005 levi
3228 4970 3329 5008 suo
3359 4950 3533 5008 detri»

1966 5021 2347 5088 mento,quod
2392 5021 2568 5089 ipsum
2621 5021 2930 5074 luculenter
2974 5023 3138 5090 jusun
3189 5026 3538 5078 necessitatis

1965 5090 2172 5144 sarciat
2201 5091 2362 5149 ratio,
2413 5107 2475 5145 ac
2500 5091 2788 5144 cbaritatis
2815 5092 2930 5159 ipsa
2980 5093 3100 5145 lex:
3141 5108 3238 5146 nec
3269 5094 3544 5147 Maximm

1964 5160 2034 5213 ab
2067 5161 2335 5228 ejusmodi
2356 5160 2648 5225 descensu,
2679 5178 2774 5215 sua
2805 5162 2906 5216 bac
2932 5163 3202 5216 sententia
3255 5176 3322 5217 ac
3349 5181 3532 5217 exem-

1967 5230 2618 5303 plo,debuitdeterrcre,
2672 5232 2786 5303 sed
2821 5233 2995 5284 solum
3029 5249 3058 5285 a
3121 5233 3324 5300 priore.
3376 5233 3533 5303 Quoi!

1965 5310 2088 5353 erat
2122 5301 2178 5352 ἐν
2213 5304 2324 5363 τοῖς
2365 5301 2550 5362 θείοις,
2585 5301 2791 5354 mutavi
2827 5303 2886 5351 ἐν
2915 5305 3026 5363 τοῖς
3080 5303 3323 5364 οἰκείοις.
3367 5301 3536 5356 Ρίιιιιυ

1965 5371 2114 5425 enim
2131 5371 2414 5440 componit
2438 5380 2674 5424 mentem
2712 5387 2898 5424 secum
2944 5372 3138 5440 ipsam,
3169 5381 3229 5425 ut
3262 5372 3534 5438 spiritalia

1966 5451 2231 5504 sectatur,
2264 5450 2319 5496 et
2350 5452 2409 5495 ut
2435 5457 2492 5494 se
2527 5441 2591 5494 ad
2624 5457 2846 5494 sensum
2889 5441 3168 5494 demittit:
3207 5457 3318 5510 quo
3344 5442 3533 5510 priora

1967 5512 2131 5564 modo
2166 5512 2216 5565 in
2247 5513 2484 5581 propriis
2505 5520 2781 5572 versatur,
2817 5521 2872 5564 et
2907 5522 2966 5564 ut
3005 5512 3326 5581 t'ucnsiagit,
3359 5512 3437 5568 τὸ.
3477 5514 3535 5562 ὲν

1965 5581 2044 5648 τῷ
2073 5580 2360 5650 μάχεσθαι,
2404 5582 2650 5651 proclive
2676 5590 2902 5641 mutem,
2953 5581 3058 5651 πρὸ
3101 5580 3196 5633 τοῦ
3241 5580 3529 5651 μάχεσθαι·

1968 5660 2089 5704 aute
2122 5669 2377 5721 pugnam,
2401 5650 2523 5721 qur
2552 5660 2700 5705 certe
2733 5667 2925 5720 magna
2959 5650 3115 5704 ducis
3162 5650 3534 5719 imprudentia

1967 5733 2068 5785 est,
2104 5723 2233 5775 dum
2271 5723 2459 5792 copias
2490 5722 2690 5775 deterit
2725 5723 2879 5791 quasi
2917 5721 3196 5774 volitando
3233 5731 3289 5792 et
3336 5735 3535 5774 excur-

1969 5792 2161 5853 rendo,
2194 5790 2496 5861 antejusti
2547 5790 3011 5860 praelii-uiolant,
3061 5807 3172 5861 quo
3227 5790 3295 5844 de
3351 5805 3534 5844 rerum

1970 5878 2177 5917 summa
2207 5863 2619 5919 decernendum
2646 5863 2738 5917 sit.
