4184 6436
636 381 765 445 1431

1793 384 1852 444 S.
1885 384 2170 446 MAXIM!
2213 386 2724 448 CONFESSORIS

3768 383 3909 447 1432
3946 422 3956 429 -

632 493 941 559 puirimnve
986 491 1267 548 consortio
1313 494 1514 564 agitur,
1551 493 1708 548 seria:
1746 495 1917 566 magis
1959 511 2023 549 ac
2057 512 2211 565 repe-

2319 498 2494 569 σχιδεί
2519 497 2692 567 ψυχῇ.
2745 497 2999 567 λογισμοὶ
3062 496 3161 567 μὲν
3201 496 3610 567 ἀπελήλανται·
3665 494 3790 559 νόες
3847 497 3904 547 δε

630 588 744 638 lita:
784 585 1246 655 immorantesque
1289 586 1671 657 cOgitationcs.
1716 587 1984 643 Cteterum
2022 590 2208 644 animo

626 676 721 745 qui
772 675 959 729 multis
996 675 1205 730 divisus
1247 685 1352 742 est,
1388 676 1693 733 abscedunt
1737 677 1960 747 quidem
2005 679 2210 749 cogita-

629 767 842 831 tiones;
878 774 1090 820 mentes
1122 781 1257 822 vero
1291 767 1420 822 sola:
1457 767 1783 837 corporibus
1814 766 1973 823 nuda:
2002 768 2080 823 illi
2114 784 2207 824 ae-

2319 591 2468 660 μόνοι
2510 590 2706 660 γυμνοὶ
2758 590 3027 659 σωμάτων
3059 588 3135 659 (y)
3188 589 3324 660 αὐτῇ
3385 587 3899 660 προσπελάζοντες.

2316 681 2442 744 τοὺς
2492 682 2622 750 napi.
2682 681 2945 753 Προνοίας
2985 680 3077 734 καὶ
3133 679 3368 751 κρίσεως
3424 680 3640 748 λόγους,
3675 679 3754 742 ῶς
3781 696 3908 731 τινα

2318 770 2543 841 θεμέλια
2575 772 2678 842 γῆς
2714 770 3215 835 ἀνακαλύπτοντες,
3237 771 3375 841 αὐτῇ
3410 770 3830 840 ἐμφανίζουσιν.

624 854 886 911 cedentes
927 855 1216 913 manifeste
1263 866 1559 928 apparent,
1601 856 1969 913 Providentia:
2014 874 2078 914 ac
2146 860 2379 930 judieii,
2445 862 2598 918 velut
2642 862 2892 933 quadam
2943 861 3300 917 fundamenta
3342 871 3527 927 terrm,
3594 860 3907 915 revelantz's

624 947 872 1002 rationes
909 948 976 1001 ³³.

693 1040 862 1112 656
911 1041 1031 1095 151.
1074 1041 1465 1112 Cogitationes,
1506 1057 1610 1095 nec
1656 1043 1826 1111 partis
1870 1050 1999 1096 sunt
2040 1044 2212 1098 animi

625 1132 867 1187 carentis
905 1133 1136 1195 ratione,
1172 1147 1281 1187 non
1315 1133 1464 1186 enim
1500 1134 1759 1204 cogitatio
1792 1133 1868 1203 (id
1903 1142 2008 1199 est,
2040 1136 2210 1190 ratio-

625 1219 854 1292 cinatio)
901 1222 956 1276 in
1010 1220 1189 1275 brutis
1236 1230 1349 1283 est;
1402 1236 1583 1291 neque
1637 1222 1838 1275 mentis
1880 1230 2037 1287 sunt,
2084 1240 2209 1279 nam

626 1330 805 1384 neque
865 1314 922 1368 in
980 1314 1209 1385 angelis.
1264 1314 1402 1369 Cum
1455 1329 1588 1386 ergo
1642 1313 1918 1369 facultatis
1978 1316 2210 1373 rationis

623 1404 871 1473 germina
920 1404 1052 1471 sint,
1087 1405 1240 1459 velut
1266 1404 1434 1470 scala,
1475 1403 1732 1459 facultate
1777 1411 1998 1461 utentes
2042 1404 2211 1460 infor-

625 1506 808 1550 mante
840 1496 1074 1566 speeies,
1100 1511 1131 1550 a
1153 1511 1321 1551 sensu
1358 1496 1425 1551 ad
1460 1506 1700 1551 mentem
1735 1498 2059 1564 ascendunt,
2086 1516 2208 1570 qua:

624 1600 755 1645 sunt
800 1590 950 1643 illius
996 1590 1047 1644 ei
1098 1591 1451 1657 nuntiantes;
1504 1590 1956 1664 descenduntque
1998 1609 2066 1649 ex
2117 1595 2207 1650 illa

2393 1047 2528 1117 ρλα’.
2562 1049 2626 1101 Ol
2672 1046 2943 1119 λογισμοὶ,
2977 1045 3104 1101 οὔτε
3148 1044 3242 1098 τοῦ
3294 1044 3491 1114 ἀλόγου
3541 1043 3746 1115 μέρους
3796 1045 3907 1096 εἰσὶ

2317 1142 2416 1210 τῆς
2450 1139 2632 1210 ψυχῆς
2651 1157 2664 1171 ο
2701 1140 2824 1193 οὐδὲ
2861 1141 2971 1210 γάρ
2997 1137 3390 1207 ἐστι).ογισμδς
3419 1140 3477 1190 ἐν
3507 1137 3620 1199 τοῖς
3645 1135 3870 1201 ἁλόϊμς
3890 1150 3905 1163 ο

2315 1232 2438 1286 οὔτε
2480 1230 2574 1285 τοῦ
2631 1231 2821 1303 νοεροῦ
2842 1248 2854 1259 ·
2878 1232 3000 1285 ἐπεὶ
3058 1230 3192 1301 μηδὲ
3239 1231 3298 1282 ἐν
3328 1227 3584 1296 ἀγγέλοις
3603 1242 3616 1255 ·
3643 1226 3821 1295 αὐτῆς
3848 1224 3907 1277 δὲ

2316 1325 2414 1393 τῆς
2457 1323 2683 1393 λογικῆς
2714 1322 2867 1387 ὄντες
2925 1323 3263 1391 γεννήματα,
3295 1320 3371 1383 ὡς
3404 1317 3637 1387 κλίμακι
3667 1318 3735 1386 τῇ
3769 1333 3907 1384 qua.

2315 1414 2482 1486 τασίᾳ
2527 1413 2826 1485 χρώμενοι,
2881 1412 3236 1468 ἀναϐαίνουσι
3287 1409 3386 1481 μὲν
3448 1409 3584 1480 πρὸς
3634 1407 3730 1459 τὸν
3775 1405 3905 1459 νοῦν

2313 1505 2421 1561 ἀπὸ
2456 1506 2555 1576 τῆς
2605 1504 2930 1577 αἰσθήσεως,
2960 1503 3031 1557 τὰ
3082 1501 3297 1572 ἐκείνης
3345 1498 3493 1569 αὐτῷ
3529 1497 3907 1566 ἀπαγγέλλον-

2314 1613 2433 1659 τεςο
2473 1596 2865 1651 καταϐαίνουσι
2894 1595 2953 1649 δὲ
2986 1593 3124 1666 πρὸς
3153 1593 3322 1665 αὐτὴν
3345 1593 3406 1659 ἐξ
3431 1591 3600 1645 αὐτοῦ
3653 1591 3728 1643 τε
3752 1592 3903 1644 ἐκεί-

624 1679 691 1733 ad
756 1679 972 1749 ipsum,
1028 1694 1150 1750 quae
1201 1682 1321 1753 ejus
1378 1690 1508 1737 sunt
1566 1682 1643 1736 illi
1697 1683 2033 1741 documento
2096 1697 2209 1742 tra-

2317 1704 2404 1741 νου
2431 1685 2832 1758 ὑποτιθέμενοι.

626 1769 841 1824 dentes.

697 1863 820 1917 152.
863 1863 1027 1919 Velut
1074 1863 1300 1934 quidam
1353 1879 1384 1919 e
1429 1867 1707 1935 profundo
1751 1885 1971 1924 sursum
2027 1887 2211 1926 emer-

624 1965 839 2021 gentes,
875 1968 959 2018 ac,
1002 1970 1114 2024 quo
1154 1955 1408 2025 ailjutore
1455 1967 1703 2027 utantur,
1746 1979 2078 2033 quemquam
2118 1981 2214 2034 ap-

626 2046 974 2116 prehendere.
1023 2048 1266 2105 nitentes
1289 2050 1480 2121 illique
1514 2052 1822 2120 adhmrcre,
1857 2058 1937 2111 sic
1968 2058 2121 2113 malae
2153 2074 2212 2115 se

624 2139 986 2209 cogitationes
1012 2141 1320 2207 habebunt,
1348 2142 1480 2197 dum
1509 2146 1644 2201 ratis
1668 2148 1720 2201 in
1753 2149 1999 2216 modum,
2030 2150 2211 2223 lacry-

626 2244 843 2283 marum
874 2230 1088 2285 diluvio
1122 2231 1321 2287 vitium
1353 2233 1408 2288 in
1444 2236 1757 2305 perieulum
1787 2250 2036 2295 vocatur.

700 2320 821 2375 155.
865 2321 974 2378 Pro
1007 2324 1256 2394 subjecta
1297 2326 1468 2380 animi
1508 2327 1800 2397 qualitate,
1830 2331 1939 2397 vel,
1978 2340 2040 2387 ut
2067 2332 2214 2403 pira-

628 2422 808 2467 tarum
872 2428 1027 2468 morc
1083 2415 1263 2486 pelagi
1314 2416 1594 2486 profundo
1646 2432 1927 2492 mergant,
1980 2424 2099 2491 vel,
2152 2434 2215 2481 ut

629 2502 805 2559 instar
849 2504 1119 2578 remigum
1168 2506 1446 2564 laboranti
1494 2512 1664 2567 maris
1708 2514 1957 2584 periculo
2001 2516 2215 2587 pariter

626 2612 790 2667 opem
828 2596 1031 2663 ferant,
1065 2599 1215 2655 circa
1253 2616 1382 2657 eum
1424 2611 1698 2675 coguntur
1745 2606 2109 2678 cogitationes
2148 2624 2214 2665 ac

630 2690 906 2755 rationes;
949 2691 1070 2747 alia:
1114 2692 1340 2763 quidem
1390 2694 1446 2749 in
1493 2696 1724 2768 pelagus
1773 2698 2055 2754 trahentes
2098 2710 2216 2754 tur-

629 2782 781 2851 pium
838 2782 1269 2855 cogitationum;
1325 2786 1447 2842 alia:
1505 2803 1639 2843 vero
1694 2790 1998 2860 proximam
2059 2806 2212 2846 oram

629 2874 897 2943 legentes,
940 2883 1001 2930 ut
1039 2875 1109 2932 ad
1159 2879 1455 2950 tranquilla
1495 2889 1736 2936 mentem
1783 2880 1970 2937 littora
2011 2881 2212 2953 impel-

628 2967 759 3023 lant.

699 3059 822 3115 ιω.
868 3058 1175 3132 Septimum
1211 3062 1391 3118 inanis
1421 3063 1611 3135 gloriae
1642 3064 1863 3131 vitium,
1888 3065 1985 3137 qui
2018 3075 2081 3122 ut
2112 3082 2210 3121 ex-

630 3163 862 3209 tremam
909 3154 1154 3210 tunicam
1199 3165 1460 3213 excutere
1500 3156 1636 3214 velit
1677 3157 1917 3224 animus,
1962 3158 2070 3213 nisi
2115 3157 2214 3213 illo

628 3246 914 3318 superiora
960 3246 1209 3311 exuerit,
1262 3247 1411 3304 haud
1458 3248 1631 3319 possit
1676 3256 1925 3304 octavam
1970 3256 2215 3321 postmo-

628 3338 760 3391 dum
782 3336 1187 3406 superinduere
1216 3339 1632 3411 cogitationem,
1663 3356 1828 3412 quam
1854 3348 1909 3395 et
1929 3341 2212 3397 caelestem

631 3428 1030 3485 habitationem
1059 3445 1262 3486 vocare
1296 3431 1450 3487 novit
1471 3430 1697 3487 divinus
1723 3431 2025 3502 Apostolus
2058 3433 2124 3497 ³⁸,
2150 3446 2216 3488 ac

629 3538 727 3590 per
777 3522 1017 3593 gemitus
1070 3539 1199 3578 eum
1248 3523 1682 3595 superinduere,
1734 3523 1830 3595 qui
1880 3525 2001 3596 ejus
2047 3540 2213 3581 causa

631 3617 869 3673 terrenis
902 3616 1035 3673 nudi
1075 3617 1369 3673 exsistant.

698 3709 824 3765 155.
862 3709 1128 3766 Perfecta:
1159 3710 1393 3765 orationi
1424 3708 1591 3781 ohjici
1619 3709 1800 3766 solent
1828 3708 2213 3779 cogitationes,

628 3796 840 3866 angeli;
906 3795 1136 3861 medim,
1181 3797 1493 3869 spiritales;
1559 3797 2009 3866 rudimentarize,
2056 3808 2217 3855 natu-

631 3889 799 3944 rales.

700 3981 825 4036 156.
860 3980 1337 4048 Quemadmodum
1374 3983 1528 4054 grani
1566 4000 1835 4055 generosa
1864 3984 1949 4039 vis
1979 4000 2076 4055 per
2107 3985 2218 4056 spi—

629 4088 749 4127 cam
794 4073 1133 4127 manifestari
1171 4075 1330 4135 sriet,
1378 4075 1460 4129 sic
1494 4083 1551 4129 et
1597 4074 2084 4145 contemplationis
2124 4090 2215 4131 ve-

629 4164 766 4219 ritas
791 4181 890 4235 per
917 4166 1246 4220 orationem.
1282 4165 1359 4220 Ae
1393 4166 1541 4236 spica
1571 4165 1795 4236 quidem
1828 4166 1978 4221 velut
2007 4176 2216 4222 armata

629 4255 877 4323 mundam
929 4257 1139 4326 spicula
1185 4256 1393 4312 circum
1442 4257 1640 4312 aristas
1688 4257 1875 4321 habet,
1917 4272 2041 4327 quae
2081 4272 2214 4313 aves

630 4349 838 4404 semina
888 4351 1136 4420 legentes
1184 4360 1443 4407 arceant:
1484 4351 1661 4406 oratio
1700 4367 1835 4406 vero
1870 4366 1965 4406 eas
2005 4349 2213 4421 cogita-

630 4440 812 4496 tiones
839 4458 961 4511 qme
996 4443 1459 4514 philosophantur
1490 4444 1544 4498 in
1576 4442 1996 4507 tentationibus,
2026 4454 2087 4498 ut
2115 4442 2215 4497 ad-

628 4542 919 4589 versantes
954 4535 1301 4589 interimant.

701 4627 825 4682 l57.
860 4626 992 4694 Quae
1036 4626 1203 4681 animi
1245 4627 1424 4682 oculis
1474 4626 1772 4696 conspicua
1810 4635 1940 4683 sunt
1975 4627 2215 4695 (actione

628 4718 866 4786 scilicet)
890 4720 1041 4774 velut
1067 4719 1337 4775 eolumhze
1365 4735 1556 4790 pennre
1582 4718 1951 4789 deargcntata:
1978 4727 2108 4773 sunt
2133 4719 2175 4749 ³⁷
2199 4737 2212 4773 :

702 4898 746 4928 ³⁷
780 4894 921 4950 Psai.
973 4911 1097 4954 xm,
1144 4895 1223 4949 l6.
1303 4895 1346 4925 εδ
1375 4895 1413 4948 li
1440 4894 1567 4949 Cor.
1602 4911 1653 4960 ι’,
1678 4895 1732 4949 2.

706 5054 781 5126 (y)
817 5055 966 5126 Nc'eg
993 5054 1169 5126 Infra:
1200 5051 1411 5126 gummi
1440 5054 1924 5126 _C(ultdta:r.Qli:lS
1945 5055 2034 5109 hic
2065 5072 2217 5109 men-

633 5123 893 5181 tcs'vocat
913 5123 1200 5195 Maximus,
1241 5124 1371 5193 ipsa:
1409 5123 1661 5195 sintquae
1692 5125 2054 5195 cogitationes
2094 5142 2221 5179 suc-

632 5196 880 5252 ccndunt
926 5203 1097 5265 atque
1141 5193 1438 5259 daemones,
1477 5194 1556 5249 sic
1610 5193 1875 5249 nimirum
1919 5196 2222 5265 profligatae

635 5269 758 5322 vita:
786 5264 1110 5321 hominibus
1136 5266 1484 5333 praesentiam
1535 5275 1631 5320 aut
1650 5265 1807 5335 quasi
1839 5264 2212 5335 praesentiam,

636 5340 841 5393 nudam
896 5335 1258 5390 exhibentes:
1311 5336 1466 5390 velat
1512 5335 1679 5389 etiam
1733 5345 1950 5392 mentes
1989 5347 2213 5397 sanctae.

634 5409 855 5463 eximia:
888 5404 1200 5461 sanctitatis
1233 5404 1388 5470 viris,
1419 5405 1753 5475 quandoque
1812 5406 1965 5476 ipsm,
2014 5424 2126 5462 non
2158 5407 2214 5462 in

636 5478 867 5538 somnis,
909 5487 1007 5531 aut
1047 5485 1336 5546 moventes
1370 5476 1480 5529 vim
1513 5476 1825 5546 cogitandi;
1877 5476 1973 5532 sed
2024 5492 2213 5532 coram

638 5549 932 5619 paesentia
957 5545 1111 5614 quasi
1156 5547 1433 5619 corporali
1463 5545 1765 5619 apparent,
1793 5546 2094 5619 divinaque
2116 5564 2214 5604 eos

637 5616 876 5676 iiucent:
912 5619 1006 5686 qui
1063 5616 1627 5688 gradusnprophetiie
1675 5617 1801 5672 aliis
1840 5618 1966 5688 jam
2003 5616 2213 5685 'dictis,

639 5699 865 5744 auctore
914 5688 1080 5741 etiam
1131 5686 1385 5757 angelico
1440 5687 1706 5752 Doctore,
1755 5686 1922 5742 altior
1969 5690 2210 5745 exsistit.

638 5762 885 5815 Obscura
908 5769 1089 5813 tamen
1124 5764 1237 5811 tota
1275 5757 1364 5811 hic
1400 5757 1618 5811 Maximi
1647 5774 1803 5813 mens
1828 5766 1883 5812 et
1914 5757 2171 5814 doctrina
2197 5803 2210 5827 ,

638 5848 702 5887 ac
737 5845 869 5886 num
900 5829 999 5896 ipsi
1029 5829 1146 5882 sine
1178 5828 1432 5882 discursu
1473 5839 1774 5897 conceptus
1816 5830 2017 5885 mentis
2049 5831 2210 5885 altio-

2386 1864 2519 1936 ρλβ¹.
2555 1864 2653 1927 Ὠς
2685 1880 2834 1928 τινες
2878 1864 2951 1918 ἐκ
2974 1861 3139 1934 βυθοῦ
3170 1861 3592 1934 ἀναφερόμενοι,
3627 1859 3726 1914 καί
3752 1876 3902 1921 τινος

2313 1958 2394 2020 εἰς
2452 1955 2705 2028 βοήθειαν
2766 1955 3126 2009 ἐπιλαϐέσθαι
3174 1953 3536 2025 πειρώμενοι,
3566 1954 3618 2007 οἱ
3669 1952 3905 2020 πονηροὶ

2317 2051 2573 2121 λογισμοὶ
2600 2051 3012 2121 εὑρεθήσονται,
3027 2050 3228 2104 ὁλκάδα
3256 2048 3529 2120 καθάπερ,
3552 2044 3905 2101 κινδυνευού-

2314 2159 2419 2213 σης
2450 2143 2552 2212 τῆς
2577 2143 2780 2206 κακίας
2818 2139 3072 2194 δακούων
3105 2136 3498 2210 κατακλυσμῷ.

2387 2322 2519 2395 ρλγ’.
2551 2324 2711 2378 Κατά
2735 2322 2836 2393 τὴν
2879 2320 3246 2394 ὑποκειμένην
3272 2320 3536 2390 ποιότητα
3561 2319 3663 2389 τῆς
3695 2318 3901 2388 ψυχῆς,

2314 2418 2348 2490 ἢ
2382 2418 2458 2482 ὡς
2496 2416 2758 2490 πειραταὶ
2810 2415 3253 2480 καταποντίζειν,
3275 2415 3309 2485 ἢ
3333 2414 3409 2478 ὡς
3436 2414 3621 2484 ἐρέται
3650 2412 3904 2482 συμϐοη-

2315 2508 2430 2564 θετν
2463 2507 2872 2580 κινδυνευούσῃ,
2907 2510 2955 2562 οἱ
3006 2508 3133 2577 περὶ
3166 2505 3336 2577 αὐτὴν
3377 2507 3708 2573 συνάγονται
3751 2506 3905 2571 λογιε-

2316 2602 2479 2674 σμοί·
2536 2602 2588 2654 οί
2633 2600 2735 2672 μὲν
2780 2599 2919 2671 πρὸς
2965 2600 3202 2666 πέλαγος
3239 2597 3459 2651 ἐννοιῶν
3490 2596 3750 2659 ’ἐλκοντες
3792 2594 3905 2648 τῶν

2314 2692 2584 2767 ἀπρεπῶν
2608 2692 2888 2763 λογισμῶν
2908 2708 2923 2721 ·
2971 2693 3020 2744 oi
3067 2690 3125 2745 δὲ
3158 2690 3256 2763 τὴν
3291 2685 3458 2743 ἆσσον
3491 2688 3910 2761 παρεκλεγόμε-

2315 2804 2420 2854 νοι,
2452 2788 2547 2841 καὶ
2581 2786 2720 2858 προς
2745 2784 3038 2857 γαληνίους
3069 2783 3244 2848 ἀκτὰς
3272 2782 3366 2836 τὸν
3415 2780 3539 2836 νοῦν
3581 2779 3913 2835 ἐποκείλουο

2317 2896 2421 2935 σιν.

2388 3059 2518 3133 ρλδ’.
2553 3059 2823 3141 ’ξϐδομον
2871 3057 2963 3111 τὸν
2996 3055 3098 3127 τῆς
3156 3054 3463 3122 κενοδοξίας
3524 3053 3791 3125 λογισμὸν
3835 3056 3913 3123 (ιτ)

2313 3153 2466 3217 ὄντα,
2495 3152 2529 3225 ἡ
2557 3150 2819 3220 ἐφιεμένῃ
2864 3166 2939 3212 ως
2995 3148 3224 3217 ἔσχατον
3267 3146 3640 3201 ἀποϐαλέσθαι
3694 3147 3912 3217 χιτῶνα

2314 3243 2483 3316 ψυχὴν
2515 3245 2562 3297 εἶ
2594 3242 2670 3314 μὴ
2696 3242 2822 3306 τοὺς
2850 3242 2958 3312 πρὸ
2986 3239 3151 3293 αὐτοῦ
3176 3239 3579 3310 ἀπεκδύσηται,
3632 3240 3696 3292 οὐ
3736 3240 3911 3310 δυνή-

2316 3352 2469 3390 σεται
2522 3335 2641 3404 μετ’
2685 3334 2886 3396 αὐτοὺς
2938 3332 3126 3400 ὄγδοον
3185 3330 3604 3385 ἐπενδύσασθαι.
3652 3332 3754 3384 ’ον
3811 3333 3915 3385 καὶ

2314 3428 2630 3500 οἰκητήριον
2660 3425 2913 3496 οὐράνιον
2938 3424 3123 3479 καλεῖν
3144 3419 3287 3477 οἶδεν
3313 3425 3341 3477 ό
3366 3423 3509 3487 θεῖος
3545 3421 3909 3489 ’Δπόστολος,

2315 3519 2412 3574 καὶ
2443 3519 2533 3572 διὰ
2586 3515 2909 3586 στεναγμῶν
2953 3514 3310 3570 ἐπενδύεσθαι
3358 3516 3486 3579 τοὺς
3520 3514 3589 3568 δι’
3617 3515 3755 3569 αὐτὸ
3792 3516 3914 3569 τῶν

2319 3609 2517 3667 ὑλικῶν
2551 3627 2618 3679 γυ
2625 3608 3012 3682 μνητεύοντας.

2393 3703 2522 3776 ρλέ.
2551 3703 2631 3774 Τῇ
2666 3702 2765 3773 μὲν
2806 3701 2991 3774 τελείᾳ
3040 3701 3198 3772 εὐχῇ,
3252 3700 3475 3770 ἄγγελοι
3524 3700 3915 3771 παραϐάλλειν

2318 3797 2595 3867 πεφύκασι
2617 3794 2894 3863 λογισμοί·
2936 3798 3002 3865 τῇ
3033 3794 3090 3848 δὲ
3124 3796 3286 3868 μέσῃ,
3314 3794 3711 3865 πνευματικοί·
3738 3796 3808 3865 τῇ
3852 3794 3914 3847 δὲ

2339 3892 2699 3962 εἰσαγωγικῇ,
2745 3891 2795 3943 οἱ
2849 3889 3182 3959 φυσιολόγοι.

2391 3986 2534 4055 ρλς’.
2571 3983 2784 4056 Ὠσπερ
2821 3982 2882 4037 τὸ
2921 3981 3137 4049 εὐγενὲς
3170 3980 3259 4034 τοῦ
3289 3979 3492 4034 κόκκου
3529 3978 3621 4033 διὰ
3645 3978 3744 4032 τοῦ
3778 3979 3916 4034 στα-

2318 4096 2471 4150 χυος,
2510 4076 2654 4131 οὕτω
2686 4077 2781 4131 καὶ
2827 4075 2890 4130 τὸ
2917 4074 3210 4145 εἰλικρινὲς
3244 4072 3345 4142 τῆς
3366 4071 3599 4140 θεωρίας
3619 4069 3712 4125 διὰ
3743 4087 3914 4141 προς.

2315 4171 2483 4240 ευχῆς
2537 4168 2729 4222 εἴωθεν
2771 4163 3171 4238 ἐμφανίζεσθαι
3191 4181 3206 4197 ·
3236 4164 3504 4234 κέκτηται
3531 4160 3589 4215 δέ
3619 4163 3649 4215 ὁ
3672 4162 3798 4233 μὲν,
3831 4163 3917 4226 εἰς

2317 4257 2638 4329 ἀποτροπὴν
2686 4255 2796 4310 τῶν
2830 4253 3223 4326 σπερμολόγων
3273 4252 3500 4323 ὀρνέων,
3542 4246 3636 4305 οἷά
3671 4268 3799 4305 τινα
3831 4252 3921 4305 δό-

2320 4368 2482 4426 ρατα.
2513 4349 2642 4412 τοὺς
2684 4345 3169 4419 περιστοιχοῦντας
3204 4344 3539 4417 ἀνθέρικας’
3570 4346 3633 4397 τὸ
3662 4344 3746 4406 δὲ,
3780 4346 3919 4407 τοὺς

2318 4440 2740 4513 φιλοσοφοῦντας
2780 4441 2839 4493 ἐν
2890 4439 3219 4509 πειρασμοῖς
3267 4435 3587 4506 λογισμοὺς.
3634 4436 3776 4505 πρὸς
3807 4438 3918 4508 τὴν

2319 4534 2547 4588 ἐκείνων
2581 4532 2883 4602 ἀναίρεσιν.

2397 4623 2529 4694 ρλζν.
2571 4624 2651 4676 Τὰ
2678 4623 2777 4694 μὲν
2804 4620 3061 4694 ὁρώμενα
3088 4622 3190 4692 τῆς
3219 4619 3421 4691 ψυχῆς,
3467 4619 3557 4673 διὰ
3606 4620 3712 4690 τὴν
3762 4622 3917 4688 πρᾶ-

2323 4716 2427 4784 ξιν,
2464 4715 2797 4788 περιστερᾶς
2823 4712 3323 4786 περιηργυρωμένα
3352 4711 3607 4782 καθάπερ
3636 4712 3751 4766 εἰσὶ
3775 4729 3918 4766 πτε-

1811 4894 1853 4924 ³⁷
1888 4894 2029 4948 Ρεςςιι.
2066 4909 2224 4957 t.xvn,
2262 4893 2347 4948 M.

2326 5072 2436 5117 res.
2463 5055 2558 5114 ita.
2594 5054 2774 5109 vocati
2791 5054 2926 5117 νόες.

2399 5126 2470 5197 (z)
2504 5125 2617 5179 Τὸν
2647 5124 2755 5192 τῆς
2774 5123 3481 5197 -κενοὸξοειάςιιογισιιᾴν,
3505 5125 3717 5180 Vitium
3745 5140 3916 5182 sonat

2328 5193 2423 5252 illa
2445 5193 2571 5259 vox,
2608 5209 2735 5251 cum
2757 5193 2827 5250 de
2860 5195 3064 5251 talibus
3102 5193 3613 5251 dicitur.'Vitiosas
3667 5198 3767 5251 alii
3819 5215 3917 5250 co—

2323 5268 2658 5336 gitationes.
2705 5276 2927 5332 vocant,
2979 5266 3049 5321 de
3108 5264 3314 5336 quibus
3348 5275 3567 5320 exstant
3621 5267 3915 5331 Cassiani,

2323 5335 2455 5401 Nili,
2486 5345 2542 5391 et
2580 5336 2818 5391 aliorum
2856 5344 3143 5391 tractatus.
3172 5335 3397 5405 Septem
3435 5351 3569 5406 ergo
3600 5352 3701 5391 seu
3727 5340 3913 5396 vitiis.

2326 5424 2426 5464 seu
2455 5407 2678 5462 vitiosis
2717 5406 3175 5477 cogitationibus,
3222 5407 3454 5476 ipsaque
3491 5417 3782 5477 postremo
3816 5427 3919 5463 ex-

2317 5494 2480 5534 cussa
2515 5478 2698 5532 inanis
2744 5476 2936 5547 gloria:
2982 5476 3157 5540 labes,
3221 5486 3502 5547 superest,
3553 5487 3616 5532 ut
3647 5488 3914 5533 octavam

2318 5546 2866 5619 cngitationem,rnon
2892 5547 3003 5619 jam
3034 5547 3316 5619 vitiosam,
3345 5546 3441 5601 sed
3466 5563 3591 5619 qua:
3618 5549 3781 5619 vitiis
3810 5565 3915 5602 seu

2319 5617 2613 5675 affectibus
2683 5618 2981 5671 eliminatis
3044 5617 3337 5680 succedit,
3395 5617 3913 5687 superinduamus;

2322 5704 2489 5760 quam
2545 5688 2896 5745 communitis
2923 5688 3189 5760 Maximus
3210 5688 3418 5760 aliique
3467 5688 3755 5760 spiritales
3807 5687 3918 5756 τὴν

2322 5757 2596 5815 ἀπάθειαν
2621 5767 2864 5817 vocant;
2909 5757 3254 5813 domicilium
3307 5757 3556 5823 cmleste,
3599 5757 3756 5829 quod
3814 5770 3918 5826 ge—

2326 5831 2551 5886 mitibus
2570 5845 2632 5887 ac
2656 5829 2911 5895 Eat-rvuiis
2954 5838 3199 5899 paratur.
