4184 6436
251 374 390 431 Milli

1417 386 1595 446 ALIA
1635 387 1736 446 EX
1777 389 2017 451 VATIC.
2058 398 2347 460 CAPITA.

3381 418 3514 482 1134

390 483 459 589 τὰ
494 484 567 594 Λδὲ
627 488 914 559 νοούμενα,
955 493 1098 562 φημὶ
1151 495 1216 564 δὴ
1274 495 1341 548 τὰ
1396 500 1712 572 μετάφρενα
1733 503 1807 571 (ιι)

1936 522 2057 576 quae
2107 520 2292 565 autem
2337 522 2522 571 mente
2581 517 2963 594 intelliguntur
3015 521 3205 594 (dorsi
3253 527 3513 588 nimirum

245 572 333 626 διὰ
363 576 460 644 τὴν
494 576 726 648 θεωρίαν
758 580 832 644 ὼς
879 583 937 636 ὲν
970 584 1274 656 χλωρότητι
1305 590 1532 658 χρυσίου
1571 594 1828 648 καθίσταο

245 683 362 719 ται·
398 670 432 737 ἡ
477 671 586 740 γὰρ
625 671 699 742 μὴ
745 674 919 738 οὕτως
963 677 1313 746 ὼραιωθείσα
1342 681 1513 754 ψυχὴ,
1554 687 1829 757 πετασθῆ-

244 777 336 811 ναι
372 762 468 812 καὶ
501 764 856 819 καταπαῦσαι
889 767 950 820 οὐ
1003 768 1248 838 δύναται,
1285 771 1423 827 ἔνθα·
1465 775 1684 830 πάντων
1733 779 1827 832 εὐ-

245 853 680 926 ςραινομένωνή
718 858 970 910 κατοικία
1003 861 1174 916 ἐστίν.

351 966 582 1048 xit-turdo?
596 969 810 1048 ἐνθείδε
841 973 1091 1048 καρπῶν
1125 979 1613 1048 πεπληρωμένος,

350 1039 769 1108 Πνευματικῆς
798 1045 1069 1111 πράξεως
1100 1049 1198 1100 καὶ
1225 1039 1490 1117 θειῦρίᾶς.

320 1149 456 1220 ρλη’.
508 1153 787 1225 Ἀπαρχὰς
822 1156 1030 1223 ἅλωνος
1052 1160 1148 1214 καὶ
1171 1161 1356 1232 ληνοῦ,
1388 1164 1560 1218 πάλαι
1594 1168 1694 1238 μὲν
1713 1170 1826 1232 τοῖς

241 1242 498 1308 παλαιοῖς
524 1249 858 1320 προσφέρειν
888 1253 946 1304 ὲν
977 1252 1055 1323 τῷ
1082 1255 1197 1325 ναῷ
1226 1259 1656 1327 προσετέτακτο.
1683 1261 1821 1314 Νυνὶ

238 1333 298 1385 δὲ
333 1335 502 1404 ἡμᾶς,
539 1341 855 1412 πρακτικῆς
891 1343 991 1413 μὲν
1040 1345 1316 1416 ἀπαρχὰς,
1365 1349 1697 1420 ἐγκράτειαν
1745 1353 1826 1405 δεῖ

237 1425 362 1497 Θεῷ
413 1432 749 1504 προσφέρειν
783 1437 878 1488 καὶ
911 1437 1010 1508 τὴν
1063 1439 1355 1510 ἀλήθειαν·
1387 1441 1732 1516 θεωρητικῆς
1765 1447 1822 1500 δὲ

236 1519 468 1589 ἀρετῆς,
510 1523 734 1593 ἀγάπην
767 1528 861 1581 καὶ
901 1533 1246 1604 προσευχήν·
1304 1534 1373 1588 δι’
1426 1535 1650 1590 ἐκείνων
1699 1539 1820 1607 μὲν,

237 1609 438 1678 ἀλόγου
477 1614 772 1685 ἐπιθυμίας
803 1620 899 1672 καὶ
929 1620 1022 1674 τοῦ
1053 1621 1228 1693 θυμοῦ
1276 1627 1376 1688 τὰς
1403 1627 1582 1697 ὁρμὰς
1627 1629 1821 1683 ἀνακό-

236 1718 475 1767 πτοντας
497 1722 511 1737 ·
542 1707 630 1761 διὰ
679 1709 885 1764 τούτων
932 1712 1010 1781 δὲ,
1041 1715 1250 1781 ἐννοίας
1286 1717 1471 1783 κενὰς,
1501 1720 1596 1774 καὶ
1624 1722 1724 1787 τὰς
1757 1723 1821 1778 ἐκ

235 1794 445 1849 τούτων
473 1798 788 1865 ἐπιϐουλάς.

312 1975 444 2045 ρλθ’.
478 1979 801 2052 Πρακτικῆς
855 1984 998 2056 ἀρχὴ
1034 1989 1154 2056 μὲν,
1180 1989 1480 2062 ἐγκράτεια
1508 1995 1604 2048 καὶ
1632 1997 1823 2050 ταπεί-

233 2088 424 2134 νωσις,
472 2073 738 2144 ἀλήθεια,
793 2082 1119 2154 σωφροσύνη
1162 2085 1259 2136 καὶ
1308 2089 1820 2161 ταπεινοφροσύνη·

229 2163 388 2226 τέλος
415 2165 471 2218 δὲ
499 2167 691 2238 αὐτῆς,
721 2169 997 2244 λογισμῶν
1023 2177 1214 2247 εἰρήνη
1268 2180 1359 2232 καὶ
1403 2181 1678 2252 ἁγιασμὸς
1711 2183 1818 2236 σώ-

235 2274 432 2326 ματος.

310 2360 422 2422 ρμ’.
467 2355 676 2427 Πρᾶξίς
732 2360 902 2425 ἐστιν,
930 2360 992 2415 οὐ
1049 2363 1111 2416 τὸ
1141 2365 1404 2435 πράττειν
1440 2367 1621 2430 καλῶς
1662 2368 1812 2422 δύναι

231 2441 362 2496 σθαι
404 2445 566 2515 μόνον
594 2449 663 2500 τὰ
695 2451 856 2514 καλὰ,
891 2451 1029 2506 ἀλλὰ
1080 2454 1256 2508 καὶτὸ
1311 2454 1389 2518 ὡς
1431 2457 1513 2509 δεῖ
1557 2459 1820 2528 πράττειν

230 2535 399 2600 αὐτὰ,
439 2537 530 2590 τὸν
575 2541 766 2612 καιρὸν
806 2545 902 2596 καὶ
951 2544 1010 2597 τὸ
1065 2545 1264 2619 μέτρον
1304 2548 1444 2619 πρὸς
1472 2549 1542 2602 τὰ
1569 2552 1820 2622 πρακτέα

230 2633 738 2703 συνεπιφερομένου
769 2635 863 2688 τοῦ
899 2638 1251 2708 πράττοντος.

306 2721 454 2791 ρμα’.
495 2723 712 2797 Θεωρία
737 2727 906 2790 ἐστὶν,
941 2730 1000 2782 οὐ
1029 2729 1091 2783 τὸ
1115 2731 1344 2804 θεωρεῖν
1375 2737 1536 2806 μόνον
1555 2736 1632 2800 ὠς
1661 2736 1817 2807 ἔχου-

230 2829 290 2865 σι
327 2813 394 2868 τὰ
425 2814 654 2886 σώματα
687 2819 927 2888 φύσεως,
961 2822 1098 2876 ἀλλὰ
1125 2827 1220 2880 καὶ
1248 2828 1376 2891 τοὺς
1413 2829 1603 2898 λόγους
1636 2830 1816 2884 αὐτῶν

228 2903 373 2975 πρὸς
403 2906 456 2958 τί
496 2907 809 2977 βλέπουσιν.

307 2993 452 3064 ρμβ’.
491 2998 607 3050 Οὐκ
639 2998 788 3052 ἔστιν
833 3000 955 3056 οὔτε
1014 3005 1215 3074 πρᾶξις
1276 3007 1527 3081 ἀσφαλὴς
1580 3011 1814 3084 θεωρίας

225 3088 409 3154 ἐκτὸς,
441 3089 564 3144 οὔτε
593 3092 797 3163 θεωρία
823 3096 1027 3168 ἀληθὴς
1077 3099 1328 3169 πράξεως
1360 3102 1511 3158 ἄνευ.
1547 3105 1670 3176 Χρὴ
1706 3107 1814 3177 γὰρ

1929 597 2263 668 posteriora)
2299 606 2780 675 contemplationis
2809 627 3039 667 munere
3075 614 3129 668 in
3159 615 3366 684 pallore
3392 625 3512 677 auri

1929 685 2259 744 consistunt.
2297 690 2531 749 Animus
2569 697 2715 750 enim
2753 714 2860 752 non
2901 701 2980 756 sic
3019 702 3294 761 formosus
3324 723 3515 766 ac‘vc-

1929 786 2146 844 nustus,
2171 783 2392 837 evolare
2423 802 2532 841 non
2563 797 2746 857 potest
2769 805 2833 845 ac
2857 793 3163 862 quiescere,
3190 799 3284 854 ubi
3321 801 3508 860 laetan-

1929 866 2067 924 tium
2097 874 2343 929 omnium
2374 876 2642 934 habitatio
2667 889 2752 937 est
2781 881 2850 936 ³⁸.

1997 980 2222 1058 ζ’νιιιιιιιι
2251 987 2334 1042 hic
2365 987 2621 1056 fructibus
2652 1001 2880 1058 scatens,

1997 1051 2268 1124 Spiritalis
2301 1051 2522 1112 actionis
2550 1070 2596 1113 et
2630 1051 3108 1134 conteritpiatiOItis.

1994 1167 2157 1238 65’]
2194 1171 2314 1225 158.
2357 1172 2616 1244 Antiquis
2674 1176 2806 1230 olim
2872 1191 3207 1250 praeceptum
3256 1195 3404 1250 erat,
3446 1199 3508 1243 ut

1925 1273 2065 1314 areae
2091 1275 2156 1315 ac
2193 1265 2485 1320 torcularis
2512 1267 2787 1336 primitias
2815 1270 2870 1325 in
2901 1274 3104 1342 templo
3141 1275 3408 1332 oﬂ‘errent
3438 1280 3504 1333 '9.

1924 1347 2082 1402 Nunc
2116 1365 2247 1405 vero
2293 1351 2454 1408 decet
2499 1371 2620 1420 nos,
2664 1358 2902 1414 actionis
2941 1361 3166 1430 quidem
3211 1367 3504 1434 primitias,

1925 1441 2322 1497 continentiam
2366 1459 2432 1500 ac
2473 1447 2765 1502 veritatem
2811 1451 2924 1505 Deo
2969 1453 3071 1522 ipsi
3113 1455 3348 1523 oﬂ‘erre;
3387 1462 3507 1530 ejus

1926 1549 2057 1586 vero
2103 1534 2326 1591 virtutis
2376 1554 2498 1607 qua:
2547 1542 3013 1612 contemplatione
3066 1547 3233 1612 nitet,
3271 1550 3506 1606 charita-

1926 1633 2031 1677 tem
2058 1634 2113 1678 et
2131 1625 2437 1680 orationem
2469 1646 2480 1680 :
2507 1629 2602 1697 qui
2630 1630 2894 1684 nimirum
2922 1631 3044 1685 aliis
3067 1633 3291 1702 quidem
3315 1636 3506 1690 aliena:

1923 1729 1952 1766 a
2000 1717 2216 1770 ratione
2265 1718 2589 1787 cupiditatis
2633 1721 2838 1790 irzeque
2880 1725 3247 1792 appelitiones
3287 1727 3503 1781 exscin-

1923 1805 2151 1871 damus;
2180 1809 2304 1863 aliis
2333 1826 2483 1874 vero,
2518 1810 2708 1866 inanes
2733 1813 3116 1884 cogitationes,
3142 1826 3200 1871 et
3227 1833 3348 1887 qua:
3378 1817 3504 1872 inde

1926 1895 2188 1966 ingruunt
2215 1900 2426 1956 insidia:
2457 1913 2512 1956 ct
2538 1902 2776 1958 fraudes.

1996 1990 2118 2044 159.
2151 1991 2282 2062 Ejus
2326 1992 2554 2050 virtutis
2609 2011 2731 2065 qua:
2775 1998 3050 2053 actionem
3094 2000 3255 2064 colit,
3301 2001 3503 2070 princi-

1921 2080 2096 2148 pium,
2129 2081 2492 2146 continentia,
2540 2083 2843 2149 humilitas,
2879 2088 3101 2150 veritas,
3141 2091 3502 2157 temperantia

1919 2181 1978 2226 et
2024 2172 2276 2237 castitas,
2329 2189 2525 2228 sensus
2573 2175 2842 2230 modestia
2888 2186 2945 2230 et
2991 2177 3302 2231 sobrietas:
3348 2178 3498 2241 ﬁnis,

1920 2272 2114 2332 pacata
2143 2265 2452 2321 rationibus
2479 2283 2637 2322 meus
2658 2277 2715 2322 et
2738 2269 2987 2338 corporis
3010 2271 3394 2324 sanctimonia.

1994 2357 2117 2410 MO.
2193 2358 2351 2412 Actio
2379 2369 2484 2422 est,
2511 2361 2714 2414 nedum
2745 2371 2806 2414 ut
2828 2361 3057 2416 honeste
3088 2372 3350 2431 praestare
3375 2378 3499 2431 pos-

1919 2447 1997 2501 sis
2036 2463 2158 2516 qum
2197 2447 2428 2502 honesta
2463 2459 2618 2512 sunt,
2665 2449 2761 2504 sed
2802 2462 2862 2504 ut
2907 2450 3074 2503 etiam
3113 2459 3346 2520 praestes
3395 2467 3501 2520 qua

1919 2539 2079 2595 decet
2113 2541 2328 2595 ratione
2356 2549 2649 2611 priestare;
2697 2551 2758 2596 ut
2792 2551 2849 2596 et
2893 2551 3108 2612 tempus
3142 2541 3498 2612 modumque.

1918 2647 2044 2688 cum
2077 2631 2162 2686 his
2187 2647 2310 2701 quae
2337 2631 2546 2702 agenda
2571 2639 2724 2696 sunt,
2752 2647 2920 2703 agens
2944 2631 3214 2687 conferat.

1989 2722 2113 2776 Ml.
2149 2721 2556 2792 Contemplatio
2587 2731 2693 2787 est,
2737 2733 2794 2778 ut
2824 2739 2936 2778 non
2976 2724 3152 2778 solum
3185 2724 3506 2781 consideres

1918 2829 2040 2884 quae
2085 2813 2159 2868 sit
2207 2829 2504 2883 corporum
2547 2822 2745 2868 natura
2792 2824 2958 2884 atque
3007 2815 3248 2878 indoles;
3295 2814 3392 2871 sed
3443 2826 3505 2872 ut

1917 2903 2084 2958 etiam
2115 2919 2226 2974 quo
2253 2902 2549 2972 respiciant
2579 2918 2774 2958 eorum
2801 2905 3044 2960 rationes
3072 2905 3413 2961 consideres.

1994 2997 2112 3052 142.
2152 2995 2265 3051 Nec
2303 2996 2454 3050 actio
2495 3004 2609 3050 tuta
2643 3002 2728 3050 est
2766 2995 2908 3050 citra
2945 2997 3500 3066 contemplationem,

1919 3103 2098 3159 neque
2136 3102 2271 3144 vero
2316 3086 2710 3156 contemplatio
2749 3087 2889 3142 citra
2935 3087 3230 3142 actionem.
3271 3085 3504 3157 Oportet

226 3183 328 3236 καὶ
363 3184 562 3254 πρᾶξιν
587 3186 875 3258 ἐλλόγιμον
902 3185 1064 3252 εἶναι,
1098 3191 1192 3243 καὶ
1219 3191 1451 3264 θεωρίαν
1472 3195 1810 3267 ἔμπρακτον·

1920 3183 2064 3239 enim
2096 3191 2152 3238 et
2185 3182 2460 3238 actionem
2499 3182 2655 3252 quasi
2693 3180 2963 3236 eruditam
2997 3195 3061 3235 ac
3101 3181 3366 3236 imbutam
3411 3195 3501 3234 ra-

225 3275 323 3329 ῐνα
371 3279 436 3347 τῇ
475 3277 596 3348 μὲν,
649 3280 944 3352 ἀνίσχυρον
965 3283 1292 3356 εὑρίσκηται
1336 3288 1370 3356 ή
1401 3289 1606 3343 κακία·
1639 3294 1704 3349 τῆ
1729 3291 1809 3356 δὲ,

223 3368 432 3440 δυνατὴ
467 3373 500 3441 ἡ
531 3371 704 3443 ἁρετὴ
735 3375 793 3427 ὲν
820 3374 1096 3440 εὐδοκίαις
1125 3379 1512 3448 χρηστότητος.

303 3643 451 3708 ρμγ¹.
489 3638 672 3709 Πέρας
701 3639 802 3709 μὲν
827 3641 1171 3710 πρακτικῶν,
1205 3643 1240 3713 ἡ
1283 3643 1549 3713 νέκρωσις
1572 3645 1680 3698 τῶν
1706 3664 1812 3700 πα-

223 3729 343 3784 θῶν
365 3746 380 3760 ·
407 3730 560 3794 τέλος
588 3733 645 3784 δὲ
671 3734 1006 3804 γνωπικῆς,
1030 3736 1062 3804 ἡ
1093 3733 1297 3806 θεωρία
1326 3737 1435 3789 τῶν
1470 3739 1706 3808 ἀρετῶν.

300 3909 442 3980 ρμδν.
484 3909 572 3972 Ὠς
610 3907 711 3979 ὖλη
754 3909 834 3979 τῷ
876 3910 1026 3976 εῐδει,
1055 3910 1200 3964 οὔτω
1244 3913 1446 3983 πρᾶξις
1475 3917 1540 3985 τῇ
1577 3913 1810 3986 θεωρία·

221 4003 323 4054 καὶ
355 4001 432 4065 ὼς
459 4001 738 4072 ὀφθαλμὸς
764 4003 1063 4075 προσώπῳ,
1096 4003 1241 4058 οὓτω
1287 4007 1492 4078 θεωρία
1519 4009 1582 4078 τῇ
1617 4008 1812 4077 πράξει

219 4095 548 4165 ὀφθήσεται.

298 4191 443 4256 ρμέ.
493 4183 582 4239 Ἑν
616 4184 696 4256 τῷ
715 4187 859 4238 κατὰ
879 4185 979 4255 τὴν
1009 4185 1326 4256 πρακτικὴν
1361 4187 1564 4258 ἀρετὴν
1587 4188 1810 4258 σταδίῳ,

222 4278 419 4331 πολλοὶ
449 4279 547 4348 μὲν
587 4279 871 4348 τρέχουσιν
892 4295 907 4310 ·
935 4273 1016 4342 εἷς
1046 4279 1102 4332 δὲ
1149 4279 1418 4349 λαμϐάνει
1460 4281 1811 4350 τὺςβραὸεἰον,

220 4373 250 4424 ό
281 4372 421 4441 πρὸς
451 4371 513 4422 τὸ
537 4371 713 4441 πέρας
744 4369 918 4440 αὐτῆς
951 4371 1134 4423 ἐλθεῖν
1153 4373 1220 4442 τῇ
1253 4371 1460 4443 θεωρίᾳ
1501 4372 1809 4442 ἐπιθυμῶν.

301 4555 458 4618 ρμς’.
494 4549 858 4616 Κατανύξεως
912 4552 1010 4620 μὲν
1062 4553 1214 4622 πόμα
1261 4554 1406 4607 πίνει
1443 4557 1470 4609 ὁ
1505 4559 1806 4627 πρακτικὸς
1839 4543 1884 4598 Ῑ)

215 4642 281 4693 ἐν
316 4641 483 4711 εὐχῇ·
508 4644 754 4712 ποτηρίῳ
793 4643 850 4694 δὲ
897 4643 1174 4714 κρατίστῳ
1219 4645 1574 4716 μεθύσκεται,
1608 4651 1636 4701 ὁ
1665 4648 1802 4702 θεω-

311 4820 358 4856 ⁸⁸
387 4822 531 4880 Psal.
565 4841 778 4889 Lxxxw,
809 4827 858 4879 7.
939 4826 981 4859 ³⁹
1021 4828 1194 4883 Exod.
1231 4843 1362 4893 χχιι,
1397 4827 1488 4892 9.3,
1527 4828 1617 4884 25.

311 4982 391 5050 (α)
423 4980 498 5056 7:21
527 4981 900 5056 Διςετίὶρρενςι.
931 4981 1229 5056 ὃιιιιιμίιιιεῐξ
1271 4983 1365 5056 alii
1393 4995 1591 5039 vocant
1616 5004 1820 5056 μεταυ-

220 5056 414 5126 χένια.
446 5051 601 5105 Suid.
629 5055 656 5104 ὁ
688 5053 892 5126 μεταξὺ
925 5053 1035 5126 τῶν
1061 5053 1226 5126 ῶμων
1254 5055 1440 5116 τόπος.
1488 5051 1653 5109 Louis
1685 5061 1822 5111 inter

219 5117 295 5179 iii:
308 5139 480 5177 meros
503 5140 518 5176 :
544 5117 715 5196 terga,
745 5123 982 5196 domini.
1006 5117 1348 5193 Suppletque
1375 5127 1594 5188 Portus,
1625 5130 1762 5196 quod
1785 5148 1818 5182 (ι

217 5208 378 5263 (ergo
410 5195 712 5265 pra’corrdiis
738 5202 813 5245 est
847 5195 1140 5264 objertum:
1185 5198 1531 5265 sumpsitque
1567 5195 1644 5250 cxi
1665 5201 1815 5253 Vati-

217 5281 395 5326 cano,
420 5265 577 5336 cujus
608 5264 728 5336 ha-c
748 5273 877 5318 sunt
927 5265 1120 5336 verba,
1175 5264 1524 5336 Μετὸκδιρενα.
1558 5271 1624 5320 τὰ
1652 5271 1815 5332 νῶτα,

217 5339 311 5390 ὅτι
357 5334 640 5398 ἐξόπισθεν
667 5335 774 5386 τῶν
805 5334 1019 5404 φρενῶν
1045 5339 1243 5387 κεῖται·
1276 5334 1468 5402 φρένες
1495 5339 1571 5398 δὲ,
1605 5339 1804 5406 ὑμένες

219 5406 344 5459 εἰσὶ
403 5405 604 5477 μεταξὺ
669 5406 766 5477 τῆς
801 5406 1030 5477 καρδίας
1077 5407 1172 5457 καὶ
1235 5407 1329 5459 τοῦ
1367 5408 1596 5477 ἥπατος·
1647 5405 1810 5474 Quod

224 5486 381 5530 retro
409 5475 517 5527 τῶν
540 5475 751 5544 φρενῶν
771 5476 942 5544 posita
975 5483 1096 5528 sunt
1117 5491 1134 5528 :
1154 5477 1347 5544 φρένες
1375 5475 1512 5531 enim
1545 5482 1807 5534 membra-

226 5563 320 5601 na:
347 5556 468 5619 sunt
493 5546 628 5619 inter
650 5563 739 5598 eor
769 5555 818 5598 et
837 5545 1129 5619 jecnrA._Tb.
1154 5548 1210 5596 ἐν
1231 5548 1530 5616 χλωρότητι
1561 5552 1807 5619 χρυσίου,

223 5618 386 5686 quod
414 5617 565 5686 Syst.
606 5617 880 5684 interpres
911 5616 1144 5669 reddere
1169 5619 1382 5680 maluit,
1415 5616 1681 5672 Hilarium
1716 5637 1805 5673 se-

226 5699 405 5759 cutus
421 5699 471 5759 et
494 5687 746 5756 Augusl.,
768 5687 823 5739 in
841 5688 1113 5759 viriditate
1131 5689 1270 5750 auri,
1288 5706 1449 5757 quam
1472 5690 1616 5758 Quod
1646 5691 1801 5759 Vulg.

229 5757 579 5819 reddiderat,
635 5772 740 5810 non
809 5757 1004 5825 prolm.
1057 5756 1254 5826 Liquet
1307 5756 1453 5811 enim
1486 5756 1807 5814 i'irciz'etiii‘t

230 5828 573 5881 viridilalcm
603 5844 710 5881 non
752 5836 877 5896 apte
908 5827 1016 5881 dici
1042 5827 1108 5881 dc
1138 5844 1273 5882 auio
1309 5830 1598 5901 (quidquid
1659 5831 1800 5884 liiizi-

1917 3277 2065 3331 tione
2087 3290 2232 3339 esse,
2256 3284 2312 3329 et
2340 3273 2793 3344 contemplationi
2821 3273 3096 3328 actionem
3123 3273 3362 3336 haerere;
3391 3288 3502 3342 quo

1915 3366 2200 3429 nimirum,
2230 3365 2361 3420 hinc
2392 3365 2615 3434 quidem
2653 3363 2892 3419 invalida
2928 3364 3244 3420 inveniatur
3268 3364 3498 3427 malitia,

1916 3459 2042 3514 hinc
2079 3471 2207 3512 vero
2242 3466 2440 3526 potens
2468 3456 2646 3512 virtus
2677 3457 2744 3511 ad
2776 3457 3085 3527 pmstanda
3123 3473 3245 3528 qua:
3275 3457 3503 3513 libuerit

1915 3548 2202 3601 mitissima
2236 3562 2488 3600 munera.

1989 3638 2108 3696 “5.
2150 3638 2471 3692 Activorum
2526 3645 2694 3701 meta,
2744 3637 3042 3692 affectuum
3097 3636 3500 3707 libidinumque

1915 3729 2267 3785 niortiticatio
2296 3747 2308 3782 :
2341 3729 2720 3801 gnosticorum
2751 3727 2910 3795 linis,
2949 3731 3218 3786 virtutum
3253 3741 3502 3786 contem-

1914 3823 2104 3893 platio.

1988 3917 2108 3970 111.
2147 3914 2624 3982 Quemadmodum
2673 3915 2906 3969 materia
2956 3929 3024 3970 ex
3071 3915 3266 3980 forma,
3318 3915 3401 3971 sic
3443 3924 3502 3970 et

1914 4007 2060 4061 actio
2090 4023 2156 4061 ex
2195 4006 2694 4075 contemplatione;
2728 4021 2792 4061 ac
2832 4007 2979 4062 sicut
3012 4007 3206 4061 oculus
3236 4022 3305 4061 ex
3337 4005 3498 4072 facie,

1917 4101 1995 4156 sic
2023 4116 2088 4155 ex
2119 4099 2338 4154 actione
2364 4099 2759 4168 contemplatio
2786 4097 3182 4168 conspicietur.

1989 4192 2110 4246 143.
2149 4191 2301 4245 Multi
2337 4192 2390 4244 in
2427 4191 2650 4244 virtutis
2682 4205 2805 4260 qua:
2837 4191 3114 4245 actionem
3150 4189 3282 4245 colit
3321 4189 3500 4244 stadio

1914 4293 2181 4347 currunt,
2216 4283 2310 4337 sed
2356 4298 2498 4337 unus
2537 4283 2741 4352 accipit
2782 4282 3016 4352 palmam
3049 4282 3116 4346 ⁸ο,
3153 4283 3247 4352 qui
3292 4284 3501 4338 scilicet

1914 4373 1982 4426 ad
2028 4373 2147 4443 ejus
2191 4371 2355 4426 ﬁnem
2400 4373 2592 4426 venire
2634 4371 3119 4442 contemplationis
3157 4372 3502 4442 compendiis

1914 4466 2086 4521 cunit.

2029 4482 2086 4519 ιι.

1984 4482 2103 4612 fit}.
2145 4557 2374 4611 Aetivus
2409 4555 2856 4626 compunctionis
2898 4563 3089 4626 potum
3143 4555 3198 4610 in
3249 4555 3500 4610 oratione

1914 4652 2054 4707 bibit
2081 4670 2094 4704 :
2131 4651 2441 4705 inebriatur
2479 4665 2614 4705 vero
2642 4651 2855 4720 optimo
2886 4651 3061 4705 calice
3085 4649 3152 4713 δί,
3183 4649 3278 4720 qui
3315 4648 3500 4703 studet

1694 4833 1740 4863 ‘°
1772 4833 1792 4886 ι
1821 4831 1948 4890 Cor.
1982 4851 2056 4900 ιχ,
2088 4835 2176 4889 24.
2253 4834 2293 4865 ⁸³
2329 4833 2471 4888 Psal.
2505 4848 2609 4896 ιιι,
2642 4833 2703 4899 5;
2739 4849 2868 4900 xxu,
2897 4833 2950 4888 5.

1921 4988 2060 5050 rius,
2087 4989 2318 5057 vigorem
2371 4987 2654 5057 quemdam
2692 4996 2951 5039 (utentum
2984 4995 3142 5055 putet
3164 5002 3228 5041 ea
3267 5002 3400 5041 voce
3425 4989 3497 5040 si-

1921 5056 2217 5126 gniﬁcari),
2241 5057 2337 5111 sed
2362 5057 2546 5124 potius
2571 5056 2840 5111 fulvorem
2861 5064 2915 5110 et
2941 5057 3226 5125 pallorem,
3255 5059 3481 5126 quiauri

1921 5130 2075 5183 color
2108 5131 2352 5198 optimus
2400 5136 2486 5180 cst
2521 5145 2533 5180 :
2577 5136 2772 5180 auctor
2803 5127 2954 5181 enim
2999 5127 3240 5180 Galenus
3283 5129 3492 5197 χλωρῖιν

1922 5201 2043 5252 ἀντὶ
2080 5198 2258 5269 ὠχροῦ
2289 5198 2464 5261 sumi;
2495 5214 2596 5252 nec
2630 5198 3003 5269 llyppocrates
3041 5198 3214 5269 aliter
3245 5209 3493 5267 usurpat.

1923 5267 2408 5338 l’liniusqquoopie
2451 5269 2531 5323 sic
2575 5267 2790 5338 aet-cpit
2821 5267 2982 5338 apud
3041 5267 3347 5322 Dioscorid.
3397 5270 3494 5322 lib.

1925 5357 2000 5400 ιιι,
2030 5357 2151 5410 cap.
2180 5337 2266 5400 79,
2290 5339 2365 5391 De
2382 5337 2650 5410 Smyrnio,
2691 5337 2874 5410 φλοιὸν
2904 5409 2910 5410 γ
2935 5337 3134 5410 ἔχουσα
3167 5337 3365 5410 ἔξωθεν
3397 5340 3496 5410 μὲν

1921 5407 2147 5478 μέλανα,
2204 5410 2416 5462 ἔνδοθεν
2466 5409 2523 5460 δὲ
2579 5407 2784 5478 χλωρὸν
2825 5409 2857 5477 ὴ
2893 5408 3227 5460 ὑπόλευκον·
3267 5408 3383 5476 ipsc
3415 5409 3497 5465 sic

1919 5477 2084 5534 Vertit
2121 5482 2215 5534 lib.
2248 5496 2414 5538 xxw,
2459 5495 2580 5547 cap.
2616 5480 2714 5530 13:
2747 5477 2939 5533 Cortex
2971 5479 3085 5546 ejus
3139 5479 3266 5547 foris
3321 5479 3491 5548 niger,

1917 5552 2062 5605 intus
2111 5550 2364 5621 pallidus.
2389 5550 2526 5604 Cum
2556 5548 2732 5621 viride
2759 5558 3005 5602 saturum
3037 5549 3351 5621 signiﬁcare
3374 5563 3493 5621 _v07

1917 5621 2040 5676 lunt
2098 5617 2378 5682 auctores,
2413 5619 2735 5689 πρασοειδὲς
2766 5619 3208 5689 vocaresolent,
3240 5626 3316 5689 det
3358 5617 3492 5689 ῲσεὶ

1915 5693 2142 5760 πράσος,
2203 5693 2355 5760 quasi
2376 5685 2532 5757 porro
2552 5689 2744 5753 simile,
2761 5687 3130 5758 convenitque
3156 5685 3490 5758 quibusdam

1911 5761 2114 5832 lapillis
2133 5772 2188 5817 et
2226 5760 2447 5826 herbis;
2482 5775 2642 5825 auro,
2686 5775 2992 5829 nunquam.
