4184 6436
650 393 782 456 Ῑσξὶέἴι

1819 386 1877 443 S.
1922 379 2210 442 ΜΛΧΙΜῙ
2251 376 2760 437 CONFESSORIS

3798 372 3822 437 Ῑ
3834 374 3933 439 436

645 508 1119 580 contemplationi.
1157 506 1308 560 Alter
1336 501 1562 574 quidem
1605 502 1659 555 in
1690 500 1779 554 his
1810 497 2235 566 philos0phatur

2348 493 2567 563 ριτικός.
2611 493 2671 545 ’0
2700 493 2801 564 μὲν
2831 494 2890 545 ὲν
2919 494 3032 555 τοῖς
3053 490 3195 546 κατὰ
3219 491 3382 560 φύσιν
3411 489 3730 562 φιλοσοφῶν
3757 507 3770 519 ·
3802 495 3832 546 ὁ
3851 492 3930 559 δὲ,

645 621 769 676 quae
792 616 922 658 sunt
951 617 1018 656 ex
1049 606 1273 663 natura;
1301 596 1439 650 alter
1461 608 1596 649 vero
1622 592 1676 646 in
1703 590 1954 645 oratione
1986 587 2236 656 seipsum

653 699 852 753 lti'SCil.

719 789 835 841 H7.
880 784 998 837 Non
1032 781 1237 835 sinitur
1267 778 1481 833 netivus
1510 774 1722 829 diutius
1751 773 1808 826 in
1837 768 2080 840 spiritali
2112 782 2239 821 eon-

648 878 1004 949 templatione
1045 873 1273 928 morari.
1316 869 1607 925 Invenitur
1647 866 1796 921 enim
1838 872 1901 918 ut
1946 860 2091 931 apud
2136 858 2238 912 ali-

646 987 812 1043 quem
866 967 1111 1038 hospitio
1155 972 1440 1034 exceptus,
1480 977 1547 1017 ac
1589 960 1686 1031 qui
1730 958 1842 1013 cito
1886 955 2034 1009 illius
2073 951 2239 1006 domo

648 1064 993 1136 egrediatur.

722 1159 844 1212 MS.
888 1154 1281 1226 lugrediuntur
1314 1149 1478 1205 activi
1529 1148 1674 1201 inter
1709 1142 2003 1204 orandum,
2046 1146 2238 1209 portas

650 1250 1037 1305 mandatorum
1063 1247 1189 1311 Dei;
1213 1254 1271 1298 ut
1293 1258 1427 1297 vero
1443 1240 1611 1311 658
1630 1238 1685 1291 in
1719 1237 1858 1290 atria
1882 1236 2152 1288 virtutum
2181 1230 2235 1284 in

650 1340 904 1401 canticis,
954 1333 1388 1406 οοηιεηηνιειῑίνί.
1447 1332 1552 1386 Alii
1595 1329 1799 1399 gratias
1848 1334 2041 1396 agunt,
2089 1321 2236 1393 quod

652 1430 817 1485 soluti
853 1427 1087 1482 vinculis
1119 1434 1281 1491 sunt;
1318 1424 1432 1489 alii,
1463 1422 1611 1493 quod
1657 1429 1712 1476 et
1756 1418 2005 1488 captivos
2050 1415 2242 1470 hostes

652 1536 784 1574 suos
809 1528 1100 1589 ceperunt.

727 1610 848 1664 H9.
891 1609 1129 1665 Necesse
1181 1614 1266 1662 est
1315 1618 1419 1675 pro
1461 1602 1697 1658 actionis
1745 1601 1959 1671 vigore,
2010 1612 2134 1654 esse
2183 1605 2242 1652 et

654 1697 1171 1768 contemplationis;
1203 1710 1274 1749 ne
1298 1694 1450 1749 velut
1483 1694 1539 1747 in
1564 1693 1690 1748 navi
1718 1707 1829 1747 non
1852 1688 2239 1745 convenienti-

655 1789 761 1843 bus
809 1788 1084 1859 justisque
1145 1785 1279 1841 velis
1333 1784 1643 1845 instructa,
1709 1781 1793 1835 vel
1854 1796 1965 1849 pne
2019 1778 2239 1833 illorum

656 1879 939 1934 nimietate
972 1875 1392 1933 vehementiore.
1422 1874 1553 1929 flatu
1581 1874 1754 1927 aleam
1785 1870 2004 1935 subeat,
2028 1870 2115 1924 vel
2142 1886 2243 1940 pro

657 1969 879 2025 illorum
936 1985 1001 2023 ex
1055 1969 1261 2039 navigii
1315 1968 1531 2023 ratione
1584 1964 1895 2036 parvitate,
1950 1968 2244 2018 ventorum

655 2063 929 2133 iacturam
962 2061 1147 2117 faciat.

732 2153 854 2208 150.
895 2153 1027 2223 Ejus
1069 2152 1272 2223 navigii
1307 2151 1455 2223 quod
1488 2151 1701 2207 ratione
1745 2149 1976 2220 regitur,
2010 2148 2245 2219 remiges

659 2246 838 2316 cogita
874 2246 995 2315 pias
1032 2245 1413 2317 cogitationes.
1451 2245 1673 2309 Remos,
1715 2242 1913 2297 vitales
1952 2241 2123 2295 animi
2158 2240 2243 2295 fa-

660 2337 917 2401 cultates,
951 2340 1088 2391 iram
1119 2344 1176 2391 ct
1198 2337 1579 2406 cupiditatem,
1610 2336 1951 2390 voluntatem
1977 2340 2034 2388 et
2064 2332 2245 2388 consi-

663 2429 824 2483 lium.
864 2428 961 2484 llis
997 2445 1215 2499 semper
1256 2445 1395 2499 opus
1429 2429 1615 2491 habet,
1650 2427 1747 2497 qui
1780 2425 1984 2482 actioni
2018 2425 2241 2479 studet:

666 2538 778 2577 non
816 2537 1033 2591 semper
1064 2532 1248 2577 autem
1287 2522 1382 2592 qui
1422 2520 1609 2576 studet
1638 2518 2116 2588 contemplationi.
2144 2518 2247 2573 llic

661 2617 810 2671 enim
859 2616 1005 2671 inter
1051 2615 1319 2670 orandum
1374 2614 1590 2669 cunctis
1639 2614 1825 2667 valere
1869 2612 2071 2684 jussis,
2128 2612 2245 2682 ipse

661 2706 903 2776 scipsum
932 2705 999 2758 ad
1022 2704 1216 2775 judicii
1239 2712 1513 2774 certatque
1538 2702 1871 2773 cognitionis
1892 2702 2107 2757 clavum
2132 2702 2247 2756 col-

2274 1840 2317 1894 Β

658 2799 886 2862 locans,
946 2807 1167 2853 noctem
1220 2805 1387 2851 totam
1440 2795 1925 2865 contemplationis
1978 2793 2287 2848 insomnis

660 2890 793 2960 agit,
823 2890 987 2961 hujus
1017 2904 1200 2945 rerum
1242 2888 1619 2943 universitatis
1643 2886 2019 2942 conservatori
2052 2885 2246 2940 laudes

660 2980 923 3036 offerens.
976 2980 1083 3035 Sed
1125 2988 1184 3035 et
1228 2979 1560 3049 quandoque
1601 2978 1929 3033 amatorium
1966 2976 2245 3047 quoddam

660 3072 836 3127 melos
865 3086 1185 3135 assumens,
1220 3086 1321 3125 suo
1352 3070 1525 3141 ipsius
1558 3069 1760 3126 aceinit
1790 3070 2001 3131 animo,
2045 3067 2243 3137 reliqui

2339 584 2435 638 καὶ
2466 586 2660 638 ἑαυτὸν
2685 585 2897 653 ἀγνοῶν
2932 586 2989 637 ἐν
3011 584 3091 655 τῷ
3123 583 3401 653 εῦχεσθαι.

2411 783 2553 852 ρμζν.
2586 782 2661 836 Οὐ
2704 784 3071 853 συγχωρεῖται
3097 784 3125 834 ὁ
3159 783 3467 853 πρακτικὸς
3496 785 3580 846 είς
3628 799 3937 853 πνευματι-

2339 872 2441 944 κὴν
2470 874 2561 927 ἐπὶ
2597 875 2733 929 πολὺ
2763 875 3000 945 θεωρίαν
3030 876 3410 946 ἐγκαρτερεῖν.
3449 874 3797 946 Εὑρίσκεται
3829 875 3937 946 γάρ

2339 966 2415 1029 ὡς
2445 966 2794 1030 ὲπιξενωθείς
2820 984 2949 1031 τινι,
2984 969 3079 1020 καὶ
3115 969 3214 1039 τῆς
3245 967 3457 1021 ἐκείνου
3489 969 3711 1039 ταχέως
3744 969 3928 1030 οἰκίας

2342 1056 2805 1128 ὑπεξερχόμενος.

2413 1156 2561 1221 ρμη’.
2593 1149 2683 1202 Ἐν
2705 1149 2904 1213 πύλαις
2930 1148 3028 1218 μὲν
3051 1148 3391 1219 εἰσέρχονται
3413 1150 3463 1202 οἱ
3495 1150 3801 1218 πρακτικοὶ
3827 1148 3935 1202 τῶν

2340 1240 2573 1295 ὲντολῶν
2618 1240 2714 1294 τοῦ
2758 1239 2894 1293 Θεοῦ
2939 1241 2998 1292 ἐν
3037 1239 3116 1308 τῷ
3145 1239 3405 1309 εὔχεσθαι
3425 1255 3437 1267 ·
3466 1240 3543 1303 ὡς
3565 1240 3624 1292 ἐν
3654 1239 3849 1302 αὐλαῖς
3880 1238 3936 1291 δὲ

2341 1334 2553 1405 ἀρετῶν
2586 1333 2656 1384 ἐν
2708 1331 2920 1402 ὕμνοις,
2954 1333 3001 1384 oi
3035 1330 3399 1402 θεωρητικοί’
3452 1332 3501 1384 οἱ
3559 1332 3661 1401 μὲν
3708 1330 3933 1400 εὔχαρι-

2343 1426 2616 1490 στοῦντες,
2656 1425 2738 1478 ὅτι
2782 1423 3053 1495 ἐλύθησαν
3093 1424 3203 1478 τῶν
3230 1424 3479 1494 δεσμῶνο
3514 1426 3571 1477 οἱ
3604 1424 3684 1485 δὲ,
3717 1424 3803 1477 ὅτι
3842 1423 3937 1476 καὶ

2341 1518 2723 1589 αἰχμαλώτους
2745 1516 3003 1587 εἰλήφασι
3035 1518 3163 1581 τοὺς
3186 1515 3567 1586 πολεμοῦντας
3600 1516 3827 1579 αὐτούς.

2416 1610 2563 1681 ρμθ’.
2593 1608 2712 1680 Χρὴ
2757 1608 2901 1663 κατὰ
2930 1608 2993 1662 τὸ
3043 1609 3143 1679 τῆς
3186 1608 3505 1680 πρακτικῆς
3553 1609 3781 1678 κράτος,
3841 1606 3938 1660 καὶ

2340 1699 2402 1753 τὸ
2431 1699 2528 1769 τῆς
2559 1699 2794 1771 θεωρίας
2843 1697 3214 1770 εὑρίσκεσθαι,
3244 1698 3332 1751 ἵνα
3364 1699 3440 1769 μὴ
3476 1698 3603 1751 καθ’
3636 1699 3937 1768 ὁμοιότητα

2344 1791 2529 1845 πλοίου
2560 1790 2655 1844 τοῦ
2689 1790 2765 1863 μὴ
2793 1789 3108 1860 κατάλληλα
3150 1788 3221 1843 τά
3257 1789 3404 1844 ίστία
3442 1790 3875 1862 ὲπιςερομένου,
3901 1790 3937 1859 ἢ

2344 1882 2588 1937 κίνδυνον
2618 1880 2892 1954 ὑπομείνῃ
2934 1882 2993 1933 ἐν
3036 1881 3255 1951 ἀνέμων
3310 1880 3672 1952 σφοδρότησιν
3702 1881 3796 1935 διὰ
3840 1881 3939 1950 τὴν

2346 1973 2620 2044 ἀμετρίαν
2654 1972 2858 2037 αὐτῶν,
2895 1972 2930 2043 ἢ
2960 1972 3164 2043 ζημίαν
3196 1974 3526 2043 πνευμάτων
3555 1974 3643 2028 διὰ
3664 1973 3768 2045 τὴν
3800 1974 3940 2044 πρὸς

2343 2066 2406 2119 τὸ
2442 2067 2649 2135 σκάφος
2680 2065 3045 2137 σμικρότητα.

2417 2165 2517 2230 ρν’.
2566 2157 2793 2228 Ἐρέτας
2854 2158 2953 2227 μὲν
2999 2156 3096 2210 τοῦ
3136 2158 3361 2226 λογικοῦ
3418 2158 3633 2221 πλοίου,
3675 2159 3790 2212 νόει
3812 2160 3942 2221 τοὺς

2345 2250 2593 2313 εὐσεϐεῖς
2632 2248 2930 2319 λογισμούς
2950 2265 2964 2279 ⁸
3004 2250 3197 2313 κώπας
3251 2250 3331 2314 δὲ,
3364 2251 3464 2314 τάς
3495 2252 3742 2315 ζωτικάς
3767 2252 3936 2304 δυνά-

2349 2360 2471 2413 μεις
2496 2343 2593 2412 τῆς
2617 2341 2818 2412 ψυχῆς,
2850 2341 3022 2412 θυμὸν
3052 2344 3149 2395 καὶ
3199 2343 3518 2413 ἐπιθυμίαν,
3556 2344 3817 2416 βούλησιν
3844 2344 3942 2397 καὶ

2347 2433 2688 2503 προαίρεσιν.
2740 2433 2961 2485 Τούτων
3016 2434 3044 2485 ὁ
3108 2435 3208 2504 μὲν
3271 2435 3599 2505 πρακτικὸς,
3658 2438 3721 2489 ἐν
3773 2435 3944 2506 χρείᾳ⁵

2346 2525 2463 2577 ἐστὶ
2512 2524 2742 2577 πάντοτε
2768 2538 2779 2551 ·
2807 2523 2868 2575 οὐ
2904 2523 3135 2577 πάντοτε
3163 2524 3220 2578 δὲ
3250 2525 3279 2577 ὁ
3307 2525 3661 2596 θεωρητικός.
3710 2527 3802 2578 Ἐν
3830 2526 3943 2599 γάρ

2344 2614 2423 2686 τῷ
2455 2614 2631 2686 καιρῷ
2666 2614 2770 2686 τῆς
2826 2616 2992 2686 εὐχῆς
3039 2617 3250 2687 χαίρειν
3301 2612 3456 2683 οὗτος
3518 2621 3691 2672 πᾶσιν
3741 2619 3941 2684 εἰπὼν,

2346 2705 2510 2769 αὐτὸς
2546 2705 2739 2759 ἑαυτὸν
2770 2707 2864 2758 ἐπὶ
2891 2707 3000 2759 τῶν
3032 2707 3136 2776 τῆς
3173 2708 3520 2777 διαγνώσεως
3545 2710 3754 2764 οἰάκων
3797 2711 3943 2763 καθ-

2349 2798 2497 2863 ίζων,
2528 2790 2619 2882 διά
2654 2798 2836 2869 πάσης
2870 2800 3143 2871 ἐγρήγορε
3170 2801 3269 2871 τῆς
3299 2802 3441 2855 κατὰ
3459 2802 3695 2870 θεωρίαν
3715 2803 3941 2865 νυκτὸς,

2345 2891 2581 2954 αίνέσεις
2607 2891 2902 2959 προσάγων
2941 2890 3020 2962 τῷ
3057 2895 3274 2963 συνοχεῖ
3302 2892 3397 2946 τοῦ
3427 2892 3650 2952 παντὸς.
3689 2892 3802 2948 Καί
3834 2893 3946 2946 πού

2351 2996 2409 3033 τι
2444 2982 2539 3033 καὶ
2591 2981 2752 3050 μέλος
2803 2981 3068 3050 ἐρωτικὸν
3122 2981 3550 3052 ἀναλαϐόμενος,
3607 2987 3674 3051 τῇ
3734 2982 3947 3036 ἑαυτοῦ

2346 3070 2681 3142 προσεπᾲδει
2699 3070 2869 3142 ψυχῇ,
2897 3071 3025 3135 τοὺς
3060 3075 3161 3142 τῆς
3189 3073 3353 3144 ἄλλης
3376 3073 3653 3143 Θαλάσσης
3693 3076 3951 3128 ἀποσκο-

662 3163 832 3217 maris
885 3164 1152 3218 elationes
1195 3162 1572 3223 considerans,
1623 3175 1687 3215 ac
1743 3161 1895 3213 velut
1948 3159 2246 3214 frementes

2351 3162 2469 3214 πῶν
2502 3163 2933 3232 μετεωρισμοῦς,
2965 3163 3062 3216 καὶ
3092 3163 3169 3225 ὠς
3199 3163 3421 3235 ροθίζας
3465 3165 3710 3233 κινήσεις
3742 3164 3847 3233 (ὁ),
3875 3167 3949 3217 τά

661 3256 864 3311 fluctus
886 3256 954 3321 δ’,
994 3256 1180 3310 divina
1223 3255 1393 3310 verba
1437 3269 1499 3309 ac
1531 3253 1953 3323 justifn-ationes
1994 3260 2243 3320 stupens.

733 3351 857 3405 151.
897 3350 1001 3416 Qui
1033 3349 1216 3404 medio
1241 3365 1299 3404 se
1325 3349 1489 3403 modo
1524 3349 1688 3403 habet
1716 3349 1865 3402 inter
1890 3347 2162 3401 actionem
2192 3355 2247 3402 ct

659 3440 1210 3509 contemplationem,
1251 3454 1353 3494 nec
1386 3454 1605 3508 semper
1638 3448 1929 3492 nautarum
1973 3453 2125 3491 more
2165 3452 2251 3490 ισο-

664 3530 903 3602 migandi
952 3530 1144 3585 labore
1198 3529 1601 3599 navigationem
1652 3527 1802 3592 facit,
1854 3542 1958 3582 nec
2009 3540 2248 3597 prorsus

663 3627 1011 3697 spiritalibus
1036 3626 1203 3685 velis:
1237 3625 1335 3680 sed
1375 3626 1624 3694 utrisque
1666 3623 1841 3677 felicis
1875 3639 2034 3677 usum
2067 3622 2249 3691 explet

662 3720 1026 3791 navigationis
1054 3736 1067 3772 :
1102 3717 1341 3773 dulciter
1371 3717 1554 3772 ferens
1585 3731 1710 3771 eum
1746 3714 1977 3769 actionis
2008 3714 2246 3777 labores,

662 3827 772 3881 qua
811 3813 895 3867 vel
930 3811 1147 3865 modice
1193 3810 1365 3880 fulget
1406 3806 1894 3876 contemplationis
1935 3805 2079 3868 luce,
2132 3816 2248 3859 tum

664 3904 1000 3973 imperfecta:
1044 3903 1287 3957 rationes
1328 3899 1835 3970 contemplationis,
1879 3912 1945 3952 ex
1991 3897 2248 3969 adjuncta

662 3995 900 4050 actionis
932 4011 1059 4065 ope.

740 4088 859 4149 152.
899 4087 1365 4157 Contemplationi
1401 4085 1645 4150 deditus,
1682 4095 1939 4138 naturam
1976 4084 2249 4138 voluntati

666 4178 908 4249 proclive
950 4178 1216 4234 asseclam
1262 4178 1495 4241 habens,
1534 4177 1685 4231 velut
1733 4176 2010 4230 secundus
2053 4185 2250 4245 sponte

664 4268 865 4335 ntixus,
921 4271 1075 4325 nullo
1123 4271 1315 4326 labore
1360 4271 1766 4340 navigationem
1814 4267 1985 4322 facit:
2015 4267 2252 4322 actionis

664 4371 847 4415 autem
881 4363 1081 4427 cultor,
1113 4361 1463 4417 aﬂectionem
1495 4377 1560 4415 ac
1583 4359 1870 4413 libidinem
1907 4367 2119 4413 natura:
2150 4358 2248 4412 ad-

667 4464 976 4508 versantem
1017 4462 1231 4518 nactus,
1276 4453 1674 4523 cogitationum
1717 4450 2094 4505 collidentium
2125 4466 2252 4519 pro-

2351 3251 2469 3304 θεῖα
2495 3251 3014 3320 καταπληττόμενος
3063 3254 3288 3323 ῥήματά
3319 3270 3379 3305 τε
3421 3254 3518 3305 καὶ
3560 3254 3946 3323 δικαιώματα.

2424 3346 2563 3409 ρνα’.
2605 3340 2662 3392 Ὀ
2713 3326 2896 3411 μέσως
2950 3340 3091 3411 ἔχων
3142 3341 3271 3411 περὶ
3320 3340 3522 3411 πρᾶξιν
3550 3343 3647 3393 καὶ
3671 3341 3947 3411 θεωρίαν,

2347 3429 2474 3484 οὔτε
2499 3431 2670 3501 πάντη
2705 3432 2823 3494 ταῖς
2854 3429 3070 3494 κώπαις
3101 3433 3243 3485 κατά
3274 3434 3402 3496 τοὺς
3429 3433 3719 3495 ναυτικοὺς
3762 3435 3951 3485 ποιεῖ-

2348 3540 2436 3583 ται
2490 3522 2583 3575 τὸν
2626 3523 2827 3588 πλοῦν,
2884 3522 3000 3575 οὗθ’
3050 3524 3210 3588 ὅλως,
3249 3525 3363 3587 τοῖς
3418 3526 3632 3594 νοητοῖς
3698 3523 3907 3588 ἱστίοις
3931 3543 3949 3557 ο

2348 3614 2485 3669 ἀλλὰ
2513 3614 2582 3668 δι’
2615 3616 2948 3685 ἀμφοτέρων
2991 3617 3093 3685 τὴν
3119 3615 3315 3687 χρείαν
3343 3616 3447 3685 τῆς
3477 3617 3737 3679 εῦπλοῖας
3765 3618 3951 3685 ἐργά-

2350 3704 2534 3770 ζεταιο
2571 3705 2745 3774 ἡδέως
2790 3704 2974 3777 φέρων
3024 3705 3119 3757 καὶ
3152 3705 3280 3768 τοὺς
3308 3704 3506 3767 πόνους
3532 3704 3631 3774 τῆς
3658 3701 3952 3774 πράξεως,

2349 3797 2437 3851 διὰ
2471 3795 2532 3848 τδ
2564 3795 2783 3865 μέτριον
2812 3795 2913 3865 τῆς
2963 3795 3236 3867 θεωρίαςο
3268 3797 3364 3848 καὶ
3410 3795 3539 3858 τοὺς
3597 3795 3795 3863 λόγους
3843 3800 3952 3865 τῆς

2349 3888 2576 3952 ἀτελοῦς
2621 3887 2878 3957 θεωρίας,
2910 3887 3000 3942 διά
3029 3887 3091 3941 τὸ
3121 3886 3438 3958 βοηθεῖσθαι
3494 3887 3601 3940 ὑπὸ
3651 3890 3754 3956 τῆς
3804 3887 3955 3959 πρά-

2351 3978 2509 4046 ξεως.

2426 4069 2560 4139 ρνβ’.
2610 4069 2669 4123 Ὀ
2723 4070 2823 4140 μὲν
2873 4069 3231 4141 θεωρητικὸς,
3275 4072 3344 4141 τῇ
3398 4070 3596 4144 γνώμῃ
3640 4072 3744 4144 τὴν
3776 4073 3953 4142 φύσιν

2350 4159 2491 4232 ἔχων
2520 4162 2941 4231 συντρέχουσαν,
2962 4162 3040 4225 ὡς
3068 4158 3181 4216 οἷόν
3203 4180 3255 4217 τι
3285 4162 3486 4234 ῥεῦμα,
3515 4164 3737 4224 ἀπόνως
3768 4172 3953 4220 ποιεῖ-

2348 4268 2439 4304 ται
2483 4251 2544 4304 τὸ
2601 4251 2889 4323 πλώϊμον·
2927 4255 2955 4305 ὀ
3000 4251 3058 4305 δὲ
3105 4253 3415 4325 πρακτικὸς
3442 4254 3954 4327 ,ἐναντιουμένην

2350 4341 2623 4413 εὑρίσκων
2667 4345 2734 4414 τῇ
2788 4343 3113 4415 προαιρέσει
3160 4343 3261 4414 τὴν
3306 4344 3529 4414 σχέσιν,
3578 4346 3756 4399 πολὺν
3791 4347 3954 4416 λογι-

2353 4434 2505 4504 σμῶν
2531 4434 2826 4503 ὑφίσταται
2853 4434 3120 4499 κλύδωνα,
3150 4434 3227 4499 ὡς
3251 4436 3332 4499 είς
3372 4436 3703 4491 άπευδοκίαν
3738 4440 3951 4511 μικροῦ

669 4545 805 4599 cella
850 4544 1047 4599 durius
1086 4546 1359 4613 quatitur;
1399 4558 1706 4613 parumque
1740 4542 1894 4597 abest
1934 4557 2003 4597 ne
2045 4542 2247 4596 laboris

2355 4525 2468 4578 δεῖν
2495 4525 2583 4579 διὰ
2606 4527 2668 4579 τὸ
2695 4525 2861 4599 βάρος
2893 4526 3088 4580 ἐλθεῖν.

668 4637 913 4691 molestia
941 4637 1282 4706 despondeat
1309 4637 1575 4690 animum.

740 4726 862 4780 155.
902 4726 1015 4781 Nec
1037 4742 1173 4780 arvo
1195 4734 1597 4793 comparatum,
1622 4722 1725 4776 nisi
1754 4722 1919 4791 probe
1945 4721 2251 4782 excolatur,

669 4827 730 4871 ut
760 4818 966 4871 serenti
1010 4818 1236 4871 uberem
1266 4833 1329 4873 ac
1357 4817 1647 4887 probatam
1678 4813 1937 4869 refundat
1965 4821 2205 4883 segetem
2238 4830 2251 4865 :

669 4910 749 4967 sic
772 4925 872 4962 nec
903 4909 1106 4972 activo,
1134 4909 1237 4962 nisi
1279 4908 1569 4977 diligenter
1596 4905 1869 4959 actionem
1891 4903 2037 4958 colat
2064 4913 2248 4957 extra-

669 5014 776 5066 que
806 5013 1025 5052 oumcm
1052 4997 1398 5068 jactantiam,
1428 5006 1488 5051 ut
1517 4995 1831 5051 afﬂuentem
1874 4991 2251 5062 mundumque

670 5103 738 5143 ex
767 5088 1019 5143 oratione
1054 5087 1242 5144 videat
1269 5085 1534 5142 fructum.

740 5252 785 5282 δ’
812 5251 957 5306 Psal.
992 5265 1097 5304 xcu
1151 5252 1203 5304 4.

750 5409 821 5477 (b)
850 5408 955 5462 Καὶ
1009 5408 1090 5471 ὼς
1117 5406 1359 5476 Mil/(aq
1386 5410 1683 5477 κινήσεις.
1716 5407 1861 5475 Quin
1887 5409 1959 5463 sit
1985 5408 2246 5465 mendum

680 5479 869 5551 iniitla
907 5492 1064 5551 voce,
1098 5479 1283 5533 nullus
1334 5482 1550 5536 dubito.
1598 5480 1681 5536 Sit
1730 5479 1869 5535 forte
1916 5480 2122 5551 ῥοθίοις,
2166 5479 2254 5534 vel

680 5547 1240 5629 ῥοθιάζούσαςηιυοι]
1266 5552 1433 5629 etiam
1473 5552 1704 5629 verbum
1742 5547 1993 5629 agnoscit
2004 5551 2252 5629 _Hcsych.

678 5622 838 5692 quasi
866 5626 1147 5692 trementes
1174 5622 1364 5692 ﬂuctus
1400 5623 1775 5676 commotiones
1812 5622 2255 5692 procellamquc;

684 5697 745 5744 ut
773 5689 879 5745 alia
899 5690 1059 5745 aliam
1092 5689 1281 5745 vocem
1324 5692 1592 5747 Maximus
1635 5691 1891 5759 explicet.
1946 5691 2056 5744 Hoc
2106 5689 2257 5745 enim

682 5767 945 5829 prazstant
975 5760 1141 5815 maris
1180 5762 1470 5822 elationes.
1504 5772 1562 5816 ut
1592 5763 1793 5816 fluctus
1817 5762 1886 5815 sit
1924 5761 2131 5830 impetu
2167 5777 2255 5814 as~

687 5830 1063 5902 surgentibus,
1100 5843 1325 5903 lumun
1354 5834 1547 5889 eadem
1571 5834 1619 5889 vi
1650 5832 2089 5897 subsidentibus,
2114 5832 2261 5889 aliis-

2428 4717 2560 4786 ρνγ’.
2592 4714 2729 4769 Οῦτε
2768 4714 2921 4786 χώρα
2953 4716 3028 4788 μὴ
3059 4715 3239 4779 καλῶς
3261 4717 3733 4788 κατεργασθεῖσα.
3772 4720 3948 4775 πολύ-

2352 4825 2480 4879 χουν
2503 4809 2599 4861 καὶ
2622 4807 2863 4878 καθαρὸν
2895 4808 3284 4878 ἀντιπαρέχειν
3303 4808 3384 4879 τῷ
3417 4809 3701 4880 σπείροντι
3725 4812 3950 4875 εἴωθεν,

2355 4898 2477 4951 οὔτε
2509 4900 2538 4951 ὁ
2568 4899 2668 4969 τὴν
2701 4895 3013 4969 πρακτικὴν
3047 4897 3470 4967 μετερχόμενος,
3513 4900 3563 4951 εἰ
3610 4898 3691 4970 μὴ
3747 4903 3953 4972 ἐπιμεο

2356 4989 2465 5052 λῶς
2501 4988 2705 5059 ταύτην
2758 4989 2852 5041 καὶ
2892 4989 3159 5058 φανητίας
3188 4988 3317 5041 ἄνευ
3372 4991 3729 5060 μετέρχεται,
3762 4993 3859 5047 τὸν
3891 4992 3956 5060 ἐξ

2357 5084 2523 5155 εὐχῆς
2550 5083 2742 5153 ὄψεται
2763 5081 2976 5155 καρπὸν
3006 5079 3174 5136 πολύν
3196 5097 3258 5134 τε
3279 5083 3369 5136 καὶ
3392 5082 3649 5153 καθαρόν.

2355 5423 2464 5478 quc
2493 5410 2632 5464 alios
2654 5403 3237 5478 intercipientihusac
3279 5418 3339 5458 se
3396 5410 3591 5458 mutuo
3621 5404 3952 5461 collidenti-

2353 5473 2480 5539 bus,
2513 5479 2799 5547 allisisquc
2830 5473 3115 5547 adlittora
3143 5473 3397 5544 ipsasque
3424 5489 3594 5547 rupes
3620 5490 3687 5547 ac
3728 5486 3949 5539 cautes,

2354 5550 2622 5619 strepitus
2668 5544 2943 5619 ejusmodi
2981 5560 3045 5599 ac
3094 5544 3522 5625 fragor-procul
3574 5545 3798 5625 rebo'et,
3854 5549 3952 5625 qui

2358 5616 2626 5675 terrorem
2672 5616 2736 5673 a'c
2778 5625 3065 5687 stuporem
3100 5616 3310 5687 injiciat
3349 5631 3516 5687 :quaf.
3566 5616 3761 5670 omnia
3793 5616 3951 5687 quasi

2357 5691 2464 5743 alio
2490 5691 2543 5744 in
2577 5689 2711 5742 mari
2749 5686 2946 5757 procul
2977 5685 3323 5757 considerat,
3354 5686 3448 5754 qui
3494 5684 3611 5755 ipse.
3642 5684 3955 5756 tranquiL'o

2358 5755 2842 5829 eontcinplatitmis
2870 5755 3031 5829 mari,
3059 5755 3223 5829 velut
3254 5755 3325 5829 ad
3350 5757 3568 5813 clavum
3618 5755 3818 5826 quiete
3859 5773 3952 5814 se-

2360 5831 2497 5888 deus
2529 5825 2720 5901 illique
2748 5826 3115 5894 indormicns,
3140 5825 3387 5882 vehitur.
