  <div class='ocr_page' id='page_1' title='image "/cluster/home/n/w/nwhite01/storage/ocr_20150623/90/nnc1.0046980113/726.png"; bbox 0 0 4184 6436; ppageno 0'>
   <div class='ocr_carea' id='block_1_1' title="bbox 201 387 334 451">
    <p class='ocr_par' dir='ltr' id='par_1_1' title="bbox 201 387 334 451">
     <span class='ocr_line' id='line_1_1' title="bbox 201 387 334 451; baseline 0.015 -2"><span class='ocrx_word' id='word_1_1' title='bbox 201 387 334 451; x_wconf 71' lang='grc'><strong>1437</strong></span> 
     </span>
    </p>
   </div>
   <div class='ocr_carea' id='block_1_2' title="bbox 192 589 1774 661">
    <p class='ocr_par' dir='ltr' id='par_1_2' title="bbox 192 589 1774 661">
     <span class='ocr_line' id='line_1_2' title="bbox 192 589 1774 661; baseline 0.002 -21"><span class='ocrx_word' id='word_1_2' title='bbox 192 590 283 641; x_wconf 72' lang='grc' dir='ltr'><strong>τὸν</strong></span> <span class='ocrx_word' id='word_1_3' title='bbox 317 589 574 659; x_wconf 77' lang='grc' dir='ltr'>λογισμόν</span> <span class='ocrx_word' id='word_1_4' title='bbox 595 607 607 620; x_wconf 75' lang='grc' dir='ltr'><strong>ο</strong></span> <span class='ocrx_word' id='word_1_5' title='bbox 636 590 728 642; x_wconf 75' lang='grc' dir='ltr'><strong>ἐπὶ</strong></span> <span class='ocrx_word' id='word_1_6' title='bbox 783 590 839 642; x_wconf 78' lang='grc' dir='ltr'>δὲ</span> <span class='ocrx_word' id='word_1_7' title='bbox 871 589 977 642; x_wconf 79' lang='grc' dir='ltr'><strong>τῶν</strong></span> <span class='ocrx_word' id='word_1_8' title='bbox 1000 589 1201 652; x_wconf 83' lang='grc' dir='ltr'>ἁῦλων,</span> <span class='ocrx_word' id='word_1_9' title='bbox 1238 593 1285 643; x_wconf 88' lang='grc' dir='ltr'>εἰ</span> <span class='ocrx_word' id='word_1_10' title='bbox 1319 591 1393 661; x_wconf 78' lang='grc' dir='ltr'>μὴ</span> <span class='ocrx_word' id='word_1_11' title='bbox 1427 592 1587 644; x_wconf 75' lang='grc' dir='ltr'>αὑτὸν</span> <span class='ocrx_word' id='word_1_12' title='bbox 1634 609 1774 659; x_wconf 61' lang='grc' dir='ltr'>παρη</span> 
     </span>
    </p>
   </div>
   <div class='ocr_carea' id='block_1_3' title="bbox 188 680 1772 755">
    <p class='ocr_par' dir='ltr' id='par_1_3' title="bbox 188 680 1772 755">
     <span class='ocr_line' id='line_1_3' title="bbox 188 680 1772 755; baseline 0.001 -22"><span class='ocrx_word' id='word_1_13' title='bbox 188 682 509 750; x_wconf 67' lang='grc' dir='ltr'>αιτήσηται,</span> <span class='ocrx_word' id='word_1_14' title='bbox 549 681 625 745; x_wconf 83' lang='grc' dir='ltr'>ὡς</span> <span class='ocrx_word' id='word_1_15' title='bbox 676 681 947 734; x_wconf 83' lang='grc' dir='ltr'>σκώλωπα</span> <span class='ocrx_word' id='word_1_16' title='bbox 976 680 1116 755; x_wconf 80' lang='grc' dir='ltr'>[ιιιίὶ,</span> <span class='ocrx_word' id='word_1_17' title='bbox 1148 682 1431 752; x_wconf 56' lang='grc' dir='ltr'>σκόλοπι]</span> <span class='ocrx_word' id='word_1_18' title='bbox 1461 683 1571 749; x_wconf 73' lang='grc' dir='ltr'>ἔξει</span> <span class='ocrx_word' id='word_1_19' title='bbox 1612 683 1772 736; x_wconf 72' lang='grc' dir='ltr'>κολα-</span> 
     </span>
    </p>
   </div>
   <div class='ocr_carea' id='block_1_4' title="bbox 188 771 441 838">
    <p class='ocr_par' dir='ltr' id='par_1_4' title="bbox 188 771 441 838">
     <span class='ocr_line' id='line_1_4' title="bbox 188 771 441 838; baseline 0.016 -18"><span class='ocrx_word' id='word_1_20' title='bbox 188 771 441 838; x_wconf 75' lang='grc' dir='ltr'>ςιέξοντα.</span> 
     </span>
    </p>
   </div>
   <div class='ocr_carea' id='block_1_5' title="bbox 264 864 1771 938">
    <p class='ocr_par' dir='ltr' id='par_1_5' title="bbox 264 864 1771 938">
     <span class='ocr_line' id='line_1_5' title="bbox 264 864 1771 938; baseline 0.005 -25"><span class='ocrx_word' id='word_1_21' title='bbox 264 864 396 932; x_wconf 64' lang='grc' dir='ltr'>ρνέ.</span> <span class='ocrx_word' id='word_1_22' title='bbox 431 864 715 934; x_wconf 79' lang='grc' dir='ltr'>Κάλυμμα</span> <span class='ocrx_word' id='word_1_23' title='bbox 780 866 880 935; x_wconf 76' lang='grc' dir='ltr'><strong>μὲν</strong></span> <span class='ocrx_word' id='word_1_24' title='bbox 935 868 1047 937; x_wconf 77' lang='grc' dir='ltr'>ἔχει</span> <span class='ocrx_word' id='word_1_25' title='bbox 1101 869 1128 921; x_wconf 86' lang='grc' dir='ltr'>ὁ</span> <span class='ocrx_word' id='word_1_26' title='bbox 1181 868 1485 938; x_wconf 80' lang='grc' dir='ltr'>πρακτικὸς</span> <span class='ocrx_word' id='word_1_27' title='bbox 1535 870 1627 922; x_wconf 77' lang='grc' dir='ltr'><strong>ἐπὶ</strong></span> <span class='ocrx_word' id='word_1_28' title='bbox 1672 870 1771 936; x_wconf 76' lang='grc' dir='ltr'>τὴν</span> 
     </span>
    </p>
   </div>
   <div class='ocr_carea' id='block_1_6' title="bbox 187 955 1768 1030">
    <p class='ocr_par' dir='ltr' id='par_1_6' title="bbox 187 955 1768 1030">
     <span class='ocr_line' id='line_1_6' title="bbox 187 955 1768 1030; baseline 0.003 -23"><span class='ocrx_word' id='word_1_29' title='bbox 187 955 422 1025; x_wconf 68' lang='grc' dir='ltr'>καρδίαν</span> <span class='ocrx_word' id='word_1_30' title='bbox 463 957 630 1010; x_wconf 77' lang='grc' dir='ltr'>αὐτοῦ</span> <span class='ocrx_word' id='word_1_31' title='bbox 661 959 718 1010; x_wconf 81' lang='grc' dir='ltr'><strong>ἐν</strong></span> <span class='ocrx_word' id='word_1_32' title='bbox 745 959 901 1029; x_wconf 81' lang='grc' dir='ltr'>εὐχῇ,</span> <span class='ocrx_word' id='word_1_33' title='bbox 934 959 1033 1028; x_wconf 74' lang='grc' dir='ltr'><strong>τὴν</strong></span> <span class='ocrx_word' id='word_1_34' title='bbox 1077 959 1280 1027; x_wconf 77' lang='grc' dir='ltr'>γνῶσιν</span> <span class='ocrx_word' id='word_1_35' title='bbox 1319 959 1429 1011; x_wconf 83' lang='grc' dir='ltr'>τῶν</span> <span class='ocrx_word' id='word_1_36' title='bbox 1473 960 1768 1030; x_wconf 77' lang='grc' dir='ltr'><strong>αἰσθητῶν,</strong></span> 
     </span>
    </p>
   </div>
   <div class='ocr_carea' id='block_1_7' title="bbox 186 1048 1771 1122">
    <p class='ocr_par' dir='ltr' id='par_1_7' title="bbox 186 1048 1771 1122">
     <span class='ocr_line' id='line_1_7' title="bbox 186 1048 1771 1122; baseline 0.004 -23"><span class='ocrx_word' id='word_1_37' title='bbox 186 1048 644 1117; x_wconf 68' lang='grc' dir='ltr'>ἀνακαλυφθῆναι</span> <span class='ocrx_word' id='word_1_38' title='bbox 678 1050 766 1103; x_wconf 70' lang='grc' dir='ltr'><strong>διὰ</strong></span> <span class='ocrx_word' id='word_1_39' title='bbox 788 1052 885 1119; x_wconf 80' lang='grc' dir='ltr'>τὴν</span> <span class='ocrx_word' id='word_1_40' title='bbox 916 1051 1101 1121; x_wconf 78' lang='grc' dir='ltr'>σχέσιν</span> <span class='ocrx_word' id='word_1_41' title='bbox 1140 1053 1215 1122; x_wconf 81' lang='grc' dir='ltr'><strong>μὴ</strong></span> <span class='ocrx_word' id='word_1_42' title='bbox 1247 1052 1578 1122; x_wconf 82' lang='grc' dir='ltr'>δυνάμενον·</span> <span class='ocrx_word' id='word_1_43' title='bbox 1610 1052 1771 1122; x_wconf 76' lang='grc' dir='ltr'>μόνος</span> 
     </span>
    </p>
   </div>
   <div class='ocr_carea' id='block_1_8' title="bbox 180 1139 1771 1214">
    <p class='ocr_par' dir='ltr' id='par_1_8' title="bbox 180 1139 1771 1214">
     <span class='ocr_line' id='line_1_8' title="bbox 180 1139 1771 1214; baseline 0.003 -23"><span class='ocrx_word' id='word_1_44' title='bbox 180 1139 240 1191; x_wconf 79' lang='grc' dir='ltr'><strong>δὲ</strong></span> <span class='ocrx_word' id='word_1_45' title='bbox 265 1142 297 1192; x_wconf 85' lang='grc' dir='ltr'>ὀ</span> <span class='ocrx_word' id='word_1_46' title='bbox 328 1140 665 1212; x_wconf 73' lang='grc' dir='ltr'>θεωρητικὸς</span> <span class='ocrx_word' id='word_1_47' title='bbox 714 1142 801 1195; x_wconf 75' lang='grc' dir='ltr'><strong>διὰ</strong></span> <span class='ocrx_word' id='word_1_48' title='bbox 837 1143 900 1195; x_wconf 78' lang='grc' dir='ltr'><strong>τὸ</strong></span> <span class='ocrx_word' id='word_1_49' title='bbox 953 1143 1208 1213; x_wconf 86' lang='grc' dir='ltr'>ἄσχετον,</span> <span class='ocrx_word' id='word_1_50' title='bbox 1258 1139 1771 1214; x_wconf 76' lang='grc' dir='ltr'><strong>ἀνακεκαλυμμένῳ</strong></span> 
     </span>
    </p>
   </div>
   <div class='ocr_carea' id='block_1_9' title="bbox 182 1230 1770 1307">
    <p class='ocr_par' dir='ltr' id='par_1_9' title="bbox 182 1230 1770 1307">
     <span class='ocr_line' id='line_1_9' title="bbox 182 1230 1770 1307; baseline 0.006 -28"><span class='ocrx_word' id='word_1_51' title='bbox 182 1230 472 1301; x_wconf 82' lang='grc' dir='ltr'>προσώπῳ</span> <span class='ocrx_word' id='word_1_52' title='bbox 519 1234 653 1303; x_wconf 80' lang='grc' dir='ltr'>ὀρᾷν</span> <span class='ocrx_word' id='word_1_53' title='bbox 680 1234 790 1287; x_wconf 83' lang='grc' dir='ltr'>ἀπὸ</span> <span class='ocrx_word' id='word_1_54' title='bbox 822 1234 1020 1306; x_wconf 82' lang='grc' dir='ltr'>μέρους</span> <span class='ocrx_word' id='word_1_55' title='bbox 1062 1235 1287 1290; x_wconf 76' lang='grc' dir='ltr'>δύναται</span> <span class='ocrx_word' id='word_1_56' title='bbox 1341 1235 1439 1307; x_wconf 73' lang='grc' dir='ltr'><strong>τὴν</strong></span> <span class='ocrx_word' id='word_1_57' title='bbox 1491 1235 1648 1302; x_wconf 79' lang='grc' dir='ltr'>δόξαν</span> <span class='ocrx_word' id='word_1_58' title='bbox 1676 1235 1770 1289; x_wconf 90' lang='grc' dir='ltr'><strong>τοῦ</strong></span> 
     </span>
    </p>
   </div>
   <div class='ocr_carea' id='block_1_10' title="bbox 179 1321 346 1375">
    <p class='ocr_par' dir='ltr' id='par_1_10' title="bbox 179 1321 346 1375">
     <span class='ocr_line' id='line_1_10' title="bbox 179 1321 346 1375; baseline 0.018 -3"><span class='ocrx_word' id='word_1_59' title='bbox 179 1321 346 1375; x_wconf 87' lang='grc' dir='ltr'>Θεοῦ.</span> 
     </span>
    </p>
   </div>
   <div class='ocr_carea' id='block_1_11' title="bbox 266 1418 1769 1493">
    <p class='ocr_par' dir='ltr' id='par_1_11' title="bbox 266 1418 1769 1493">
     <span class='ocr_line' id='line_1_11' title="bbox 266 1418 1769 1493; baseline -0.019 -6"><span class='ocrx_word' id='word_1_60' title='bbox 266 1426 416 1487; x_wconf 63' lang='grc' dir='ltr'>ρνςθο</span> <span class='ocrx_word' id='word_1_61' title='bbox 458 1418 525 1471; x_wconf 75' lang='grc' dir='ltr'><strong>Ἡ</strong></span> <span class='ocrx_word' id='word_1_62' title='bbox 562 1420 701 1490; x_wconf 82' lang='grc' dir='ltr'>μετὰ</span> <span class='ocrx_word' id='word_1_63' title='bbox 749 1422 1130 1493; x_wconf 83' lang='grc' dir='ltr'>πνευματικῆς</span> <span class='ocrx_word' id='word_1_64' title='bbox 1169 1421 1403 1492; x_wconf 75' lang='grc' dir='ltr'>θεωρίας</span> <span class='ocrx_word' id='word_1_65' title='bbox 1451 1422 1607 1491; x_wconf 59' lang='grc' dir='ltr'>εὐχὴ,</span> <span class='ocrx_word' id='word_1_66' title='bbox 1640 1424 1669 1490; x_wconf 70' lang='grc' dir='ltr'>ἡ</span> <span class='ocrx_word' id='word_1_67' title='bbox 1701 1422 1769 1490; x_wconf 64' lang='grc' dir='ltr'><strong>γῆ</strong></span> 
     </span>
    </p>
   </div>
   <div class='ocr_carea' id='block_1_12' title="bbox 177 1511 1771 1583">
    <p class='ocr_par' dir='ltr' id='par_1_12' title="bbox 177 1511 1771 1583">
     <span class='ocr_line' id='line_1_12' title="bbox 177 1511 1771 1583; baseline 0.001 -17"><span class='ocrx_word' id='word_1_68' title='bbox 177 1515 285 1583; x_wconf 78' lang='grc' dir='ltr'><strong>τῆς</strong></span> <span class='ocrx_word' id='word_1_69' title='bbox 317 1514 651 1581; x_wconf 83' lang='grc' dir='ltr'>ἐπαγγελίας</span> <span class='ocrx_word' id='word_1_70' title='bbox 675 1514 844 1576; x_wconf 79' lang='grc' dir='ltr'>ἐστὶν,</span> <span class='ocrx_word' id='word_1_71' title='bbox 878 1511 1001 1566; x_wconf 87' lang='grc' dir='ltr'>καθ’</span> <span class='ocrx_word' id='word_1_72' title='bbox 1027 1514 1094 1583; x_wconf 79' lang='grc' dir='ltr'>ἢν</span> <span class='ocrx_word' id='word_1_73' title='bbox 1122 1513 1234 1583; x_wconf 78' lang='grc' dir='ltr'>ῥέει</span> <span class='ocrx_word' id='word_1_74' title='bbox 1255 1512 1331 1576; x_wconf 85' lang='grc' dir='ltr'>ὡς</span> <span class='ocrx_word' id='word_1_75' title='bbox 1365 1513 1487 1580; x_wconf 82' lang='grc' dir='ltr'><strong>μέλι</strong></span> <span class='ocrx_word' id='word_1_76' title='bbox 1516 1514 1610 1567; x_wconf 81' lang='grc' dir='ltr'><strong>καὶ</strong></span> <span class='ocrx_word' id='word_1_77' title='bbox 1632 1515 1771 1581; x_wconf 75' lang='grc' dir='ltr'>γάλα</span> 
     </span>
    </p>
   </div>
   <div class='ocr_carea' id='block_1_13' title="bbox 180 1604 1771 1676">
    <p class='ocr_par' dir='ltr' id='par_1_13' title="bbox 180 1604 1771 1676">
     <span class='ocr_line' id='line_1_13' title="bbox 180 1604 1771 1676; baseline -0.001 -19"><span class='ocrx_word' id='word_1_78' title='bbox 180 1609 213 1676; x_wconf 78' lang='grc' dir='ltr'><strong>ἡ</strong></span> <span class='ocrx_word' id='word_1_79' title='bbox 252 1605 459 1672; x_wconf 72' lang='grc' dir='ltr'>γνῶσις</span> <span class='ocrx_word' id='word_1_80' title='bbox 503 1605 615 1657; x_wconf 82' lang='grc' dir='ltr'><strong>τῶν</strong></span> <span class='ocrx_word' id='word_1_81' title='bbox 667 1606 797 1675; x_wconf 82' lang='grc' dir='ltr'>περὶ</span> <span class='ocrx_word' id='word_1_82' title='bbox 841 1605 1103 1676; x_wconf 80' lang='grc' dir='ltr'>προνοίας</span> <span class='ocrx_word' id='word_1_83' title='bbox 1156 1605 1254 1659; x_wconf 76' lang='grc' dir='ltr'>καὶ</span> <span class='ocrx_word' id='word_1_84' title='bbox 1304 1604 1540 1676; x_wconf 84' lang='grc' dir='ltr'>κρίσεως</span> <span class='ocrx_word' id='word_1_85' title='bbox 1597 1606 1771 1671; x_wconf 76' lang='grc' dir='ltr'>λόγων</span> 
     </span>
    </p>
   </div>
   <div class='ocr_carea' id='block_1_14' title="bbox 178 1691 1770 1769">
    <p class='ocr_par' dir='ltr' id='par_1_14' title="bbox 178 1691 1770 1769">
     <span class='ocr_line' id='line_1_14' title="bbox 178 1691 1770 1769; baseline -0.001 -19"><span class='ocrx_word' id='word_1_86' title='bbox 178 1698 324 1750; x_wconf 78' lang='grc' dir='ltr'>Θεοῦ</span> <span class='ocrx_word' id='word_1_87' title='bbox 348 1714 360 1727; x_wconf 93' lang='grc'><strong>·</strong></span> <span class='ocrx_word' id='word_1_88' title='bbox 384 1699 418 1767; x_wconf 78' lang='grc' dir='ltr'><strong>ἡ</strong></span> <span class='ocrx_word' id='word_1_89' title='bbox 451 1697 509 1750; x_wconf 81' lang='grc' dir='ltr'>δὲ</span> <span class='ocrx_word' id='word_1_90' title='bbox 542 1697 683 1766; x_wconf 84' lang='grc' dir='ltr'>μετὰ</span> <span class='ocrx_word' id='word_1_91' title='bbox 728 1714 875 1759; x_wconf 80' lang='grc' dir='ltr'>τινος</span> <span class='ocrx_word' id='word_1_92' title='bbox 918 1696 1174 1766; x_wconf 82' lang='grc' dir='ltr'><strong>φυσικῆς,</strong></span> <span class='ocrx_word' id='word_1_93' title='bbox 1229 1697 1263 1767; x_wconf 83' lang='grc' dir='ltr'><strong>ἡ</strong></span> <span class='ocrx_word' id='word_1_94' title='bbox 1317 1696 1614 1764; x_wconf 82' lang='grc' dir='ltr'>Αἴγυπτος,</span> <span class='ocrx_word' id='word_1_95' title='bbox 1656 1691 1770 1769; x_wconf 82' lang='grc' dir='ltr'><strong>ἑ.νῇ</strong></span> 
     </span>
    </p>
   </div>
   <div class='ocr_carea' id='block_1_15' title="bbox 175 1787 1768 1859">
    <p class='ocr_par' dir='ltr' id='par_1_15' title="bbox 175 1787 1768 1859">
     <span class='ocr_line' id='line_1_15' title="bbox 175 1787 1768 1859; baseline -0.002 -18"><span class='ocrx_word' id='word_1_96' title='bbox 175 1789 293 1841; x_wconf 84' lang='grc' dir='ltr'>τῶν</span> <span class='ocrx_word' id='word_1_97' title='bbox 339 1790 661 1859; x_wconf 72' lang='grc' dir='ltr'>παχυτέρων</span> <span class='ocrx_word' id='word_1_98' title='bbox 710 1787 1019 1857; x_wconf 76' lang='grc' dir='ltr'><strong>ἐπιθυμιῶν</strong></span> <span class='ocrx_word' id='word_1_99' title='bbox 1069 1788 1257 1858; x_wconf 84' lang='grc' dir='ltr'><strong>μνήμη</strong></span> <span class='ocrx_word' id='word_1_100' title='bbox 1304 1789 1417 1849; x_wconf 87' lang='grc' dir='ltr'>τοῖς</span> <span class='ocrx_word' id='word_1_101' title='bbox 1452 1787 1768 1857; x_wconf 75' lang='grc' dir='ltr'>εὐχομένοις</span> 
     </span>
    </p>
   </div>
   <div class='ocr_carea' id='block_1_16' title="bbox 1363 393 2293 458">
    <p class='ocr_par' dir='ltr' id='par_1_16' title="bbox 1363 393 2293 458">
     <span class='ocr_line' id='line_1_16' title="bbox 1363 393 2293 458; baseline 0.005 -5"><span class='ocrx_word' id='word_1_102' title='bbox 1363 398 1538 455; x_wconf 78' lang='lat' dir='ltr'><strong>Al.l.~\</strong></span> <span class='ocrx_word' id='word_1_103' title='bbox 1582 396 1681 453; x_wconf 75' lang='lat' dir='ltr'><strong>EX</strong></span> <span class='ocrx_word' id='word_1_104' title='bbox 1725 393 1963 454; x_wconf 70' lang='lat' dir='ltr'><strong>VATIC.</strong></span> <span class='ocrx_word' id='word_1_105' title='bbox 2007 400 2293 458; x_wconf 65' lang='lat' dir='ltr'><strong>(I.\l’l&#39;l&#39;.»\.</strong></span> 
     </span>
    </p>
   </div>
   <div class='ocr_carea' id='block_1_17' title="bbox 265 496 1838 569">
    <p class='ocr_par' dir='ltr' id='par_1_17' title="bbox 265 496 1838 569">
     <span class='ocr_line' id='line_1_17' title="bbox 265 496 1838 569; baseline 0 -20"><span class='ocrx_word' id='word_1_106' title='bbox 265 500 396 568; x_wconf 62' lang='lat' dir='ltr'><strong>pvfi.</strong></span> <span class='ocrx_word' id='word_1_107' title='bbox 443 496 565 549; x_wconf 75' lang='grc' dir='ltr'><strong>Ἐπὶ</strong></span> <span class='ocrx_word' id='word_1_108' title='bbox 614 497 711 566; x_wconf 78' lang='grc' dir='ltr'><strong>μὲν</strong></span> <span class='ocrx_word' id='word_1_109' title='bbox 743 497 850 551; x_wconf 82' lang='grc' dir='ltr'><strong>τῶν</strong></span> <span class='ocrx_word' id='word_1_110' title='bbox 882 497 1105 561; x_wconf 79' lang='grc' dir='ltr'>ὲνύλων,</span> <span class='ocrx_word' id='word_1_111' title='bbox 1148 498 1175 549; x_wconf 79' lang='grc' dir='ltr'><strong><em>ὁ</em></strong></span> <span class='ocrx_word' id='word_1_112' title='bbox 1204 498 1327 561; x_wconf 84' lang='grc' dir='ltr'>νοῦς</span> <span class='ocrx_word' id='word_1_113' title='bbox 1362 501 1619 569; x_wconf 66' lang='grc' dir='ltr'>συνεργὸν</span> <span class='ocrx_word' id='word_1_114' title='bbox 1652 499 1764 567; x_wconf 73' lang='grc' dir='ltr'>ἔχει</span> <span class='ocrx_word' id='word_1_115' title='bbox 1797 505 1838 557; x_wconf 73' lang='grc' dir='ltr'>Α</span> 
     </span>
    </p>
   </div>
   <div class='ocr_carea' id='block_1_18' title="bbox 1944 502 3457 581">
    <p class='ocr_par' dir='ltr' id='par_1_18' title="bbox 1944 502 3457 581">
     <span class='ocr_line' id='line_1_18' title="bbox 1944 502 3457 581; baseline 0.011 -26"><span class='ocrx_word' id='word_1_116' title='bbox 1944 502 2062 557; x_wconf 67' lang='grc'><strong>154.</strong></span> <span class='ocrx_word' id='word_1_117' title='bbox 2107 504 2164 556; x_wconf 91' lang='lat' dir='ltr'><strong>In</strong></span> <span class='ocrx_word' id='word_1_118' title='bbox 2199 504 2453 567; x_wconf 87' lang='lat' dir='ltr'><strong>terrenis,</strong></span> <span class='ocrx_word' id='word_1_119' title='bbox 2488 520 2643 562; x_wconf 90' lang='lat' dir='ltr'><strong>mens</strong></span> <span class='ocrx_word' id='word_1_120' title='bbox 2671 509 3024 581; x_wconf 84' lang='lat' dir='ltr'><strong>adjuvantem</strong></span> <span class='ocrx_word' id='word_1_121' title='bbox 3062 511 3329 567; x_wconf 88' lang='lat' dir='ltr'><strong>rationem</strong></span> <span class='ocrx_word' id='word_1_122' title='bbox 3358 518 3457 571; x_wconf 84' lang='lat' dir='ltr'><strong>ha-</strong></span> 
     </span>
    </p>
   </div>
   <div class='ocr_carea' id='block_1_19' title="bbox 1876 592 3461 675">
    <p class='ocr_par' dir='ltr' id='par_1_19' title="bbox 1876 592 3461 675">
     <span class='ocr_line' id='line_1_19' title="bbox 1876 592 3461 675; baseline 0.01 -29"><span class='ocrx_word' id='word_1_123' title='bbox 1876 592 1967 647; x_wconf 99' lang='lat' dir='ltr'><strong>bet</strong></span> <span class='ocrx_word' id='word_1_124' title='bbox 2019 609 2081 647; x_wconf 92' lang='lat' dir='ltr'><strong>ac</strong></span> <span class='ocrx_word' id='word_1_125' title='bbox 2131 593 2551 664; x_wconf 80' lang='lat' dir='ltr'><strong>cogitationem;</strong></span> <span class='ocrx_word' id='word_1_126' title='bbox 2599 601 2653 652; x_wconf 93' lang='lat' dir='ltr'><strong>in</strong></span> <span class='ocrx_word' id='word_1_127' title='bbox 2688 601 3028 668; x_wconf 74' lang='lat' dir='ltr'><strong>spiritalibus</strong></span> <span class='ocrx_word' id='word_1_128' title='bbox 3071 618 3202 658; x_wconf 90' lang='lat' dir='ltr'><strong>vero</strong></span> <span class='ocrx_word' id='word_1_129' title='bbox 3242 614 3299 659; x_wconf 89' lang='lat' dir='ltr'><strong>et</strong></span> <span class='ocrx_word' id='word_1_130' title='bbox 3339 621 3461 675; x_wconf 71' lang='lat' dir='ltr'><strong>quae</strong></span> 
     </span>
    </p>
   </div>
   <div class='ocr_carea' id='block_1_20' title="bbox 1874 687 3459 763">
    <p class='ocr_par' dir='ltr' id='par_1_20' title="bbox 1874 687 3459 763">
     <span class='ocr_line' id='line_1_20' title="bbox 1874 687 3459 763; baseline 0.008 -25"><span class='ocrx_word' id='word_1_131' title='bbox 1874 694 2003 739; x_wconf 91' lang='lat' dir='ltr'><strong>sunt</strong></span> <span class='ocrx_word' id='word_1_132' title='bbox 2033 697 2186 740; x_wconf 76' lang='lat' dir='ltr'><strong>extra</strong></span> <span class='ocrx_word' id='word_1_133' title='bbox 2220 687 2544 753; x_wconf 87' lang='lat' dir='ltr'><strong>materiam,</strong></span> <span class='ocrx_word' id='word_1_134' title='bbox 2576 690 2683 744; x_wconf 84' lang='lat' dir='ltr'><strong>nisi</strong></span> <span class='ocrx_word' id='word_1_135' title='bbox 2711 707 2830 746; x_wconf 91' lang='lat' dir='ltr'><strong>eam</strong></span> <span class='ocrx_word' id='word_1_136' title='bbox 2868 696 3243 763; x_wconf 89' lang='lat' dir='ltr'><strong>repudiaverit</strong></span> <span class='ocrx_word' id='word_1_137' title='bbox 3264 738 3277 761; x_wconf 90' lang='lat'>.</span> <span class='ocrx_word' id='word_1_138' title='bbox 3312 699 3459 753; x_wconf 82' lang='lat' dir='ltr'><strong>velut</strong></span> 
     </span>
    </p>
   </div>
   <div class='ocr_carea' id='block_1_21' title="bbox 1874 777 2961 846">
    <p class='ocr_par' dir='ltr' id='par_1_21' title="bbox 1874 777 2961 846">
     <span class='ocr_line' id='line_1_21' title="bbox 1874 777 2961 846; baseline 0.009 -17"><span class='ocrx_word' id='word_1_139' title='bbox 1874 777 2155 831; x_wconf 74' lang='lat' dir='ltr'><strong>stimulum</strong></span> <span class='ocrx_word' id='word_1_140' title='bbox 2184 780 2616 846; x_wconf 82' lang='lat' dir='ltr'><strong>colaphizautetn</strong></span> <span class='ocrx_word' id='word_1_141' title='bbox 2648 782 2873 838; x_wconf 89' lang='lat' dir='ltr'><strong>habebit</strong></span> <span class='ocrx_word' id='word_1_142' title='bbox 2895 784 2961 840; x_wconf 67' lang='grc'><strong>⁸³.</strong></span> 
     </span>
    </p>
   </div>
   <div class='ocr_carea' id='block_1_22' title="bbox 1940 869 3459 940">
    <p class='ocr_par' dir='ltr' id='par_1_22' title="bbox 1940 869 3459 940">
     <span class='ocr_line' id='line_1_22' title="bbox 1940 869 3459 940; baseline 0.009 -17"><span class='ocrx_word' id='word_1_143' title='bbox 1940 869 2107 940; x_wconf 78' lang='lat'><strong>659</strong></span> <span class='ocrx_word' id='word_1_144' title='bbox 2134 870 2254 924; x_wconf 80' lang='grc'><strong>155.</strong></span> <span class='ocrx_word' id='word_1_145' title='bbox 2284 872 2503 926; x_wconf 85' lang='lat' dir='ltr'><strong>Actioni</strong></span> <span class='ocrx_word' id='word_1_146' title='bbox 2534 874 2765 929; x_wconf 92' lang='lat' dir='ltr'><strong>studens</strong></span> <span class='ocrx_word' id='word_1_147' title='bbox 2792 877 3042 932; x_wconf 83' lang='lat' dir='ltr'><strong>velamen</strong></span> <span class='ocrx_word' id='word_1_148' title='bbox 3067 879 3230 935; x_wconf 84' lang='lat' dir='ltr'><strong>habet</strong></span> <span class='ocrx_word' id='word_1_149' title='bbox 3254 882 3308 935; x_wconf 88' lang='lat' dir='ltr'><strong>in</strong></span> <span class='ocrx_word' id='word_1_150' title='bbox 3334 897 3459 936; x_wconf 88' lang='lat' dir='ltr'><strong>ora-</strong></span> 
     </span>
    </p>
   </div>
   <div class='ocr_carea' id='block_1_23' title="bbox 1878 960 3455 1036">
    <p class='ocr_par' dir='ltr' id='par_1_23' title="bbox 1878 960 3455 1036">
     <span class='ocr_line' id='line_1_23' title="bbox 1878 960 3455 1036; baseline 0.008 -23"><span class='ocrx_word' id='word_1_151' title='bbox 1878 960 2028 1015; x_wconf 85' lang='lat' dir='ltr'><strong>tione</strong></span> <span class='ocrx_word' id='word_1_152' title='bbox 2065 976 2233 1030; x_wconf 82' lang='lat' dir='ltr'><strong>super</strong></span> <span class='ocrx_word' id='word_1_153' title='bbox 2266 977 2362 1015; x_wconf 89' lang='lat' dir='ltr'><strong>cor</strong></span> <span class='ocrx_word' id='word_1_154' title='bbox 2400 964 2666 1032; x_wconf 86' lang='lat' dir='ltr'><strong>positum,</strong></span> <span class='ocrx_word' id='word_1_155' title='bbox 2691 983 2885 1022; x_wconf 90' lang='lat' dir='ltr'><strong>earum</strong></span> <span class='ocrx_word' id='word_1_156' title='bbox 2931 984 3118 1024; x_wconf 87' lang='lat' dir='ltr'><strong>rerum</strong></span> <span class='ocrx_word' id='word_1_157' title='bbox 3165 972 3455 1036; x_wconf 78' lang='lat' dir='ltr'><strong>notitiam,</strong></span> 
     </span>
    </p>
   </div>
   <div class='ocr_carea' id='block_1_24' title="bbox 1875 1048 3444 1133">
    <p class='ocr_par' dir='ltr' id='par_1_24' title="bbox 1875 1048 3444 1133">
     <span class='ocr_line' id='line_1_24' title="bbox 1875 1048 3444 1133; baseline 0.009 -28"><span class='ocrx_word' id='word_1_158' title='bbox 1875 1069 1997 1124; x_wconf 71' lang='lat' dir='ltr'><strong>quae</strong></span> <span class='ocrx_word' id='word_1_159' title='bbox 2039 1055 2095 1108; x_wconf 91' lang='lat' dir='ltr'><strong>in</strong></span> <span class='ocrx_word' id='word_1_160' title='bbox 2129 1069 2355 1109; x_wconf 87' lang='lat' dir='ltr'><strong>sensum</strong></span> <span class='ocrx_word' id='word_1_161' title='bbox 2393 1057 2626 1121; x_wconf 88' lang='lat' dir='ltr'><strong>cadunt,</strong></span> <span class='ocrx_word' id='word_1_162' title='bbox 2663 1060 2899 1115; x_wconf 83' lang='lat' dir='ltr'><strong>revelari</strong></span> <span class='ocrx_word' id='word_1_163' title='bbox 2937 1077 3048 1116; x_wconf 92' lang='lat' dir='ltr'><strong>non</strong></span> <span class='ocrx_word' id='word_1_164' title='bbox 3090 1048 3299 1128; x_wconf 88' lang='lat' dir='ltr'><strong>valens,</strong></span> <span class='ocrx_word' id='word_1_165' title='bbox 3334 1080 3444 1133; x_wconf 88' lang='lat' dir='ltr'><strong>qua</strong></span> 
     </span>
    </p>
   </div>
   <div class='ocr_carea' id='block_1_25' title="bbox 1877 1146 3452 1221">
    <p class='ocr_par' dir='ltr' id='par_1_25' title="bbox 1877 1146 3452 1221">
     <span class='ocr_line' id='line_1_25' title="bbox 1877 1146 3452 1221; baseline 0.008 -22"><span class='ocrx_word' id='word_1_166' title='bbox 1877 1146 1987 1200; x_wconf 88' lang='lat' dir='ltr'><strong>illis</strong></span> <span class='ocrx_word' id='word_1_167' title='bbox 2015 1146 2310 1204; x_wconf 75' lang='lat' dir='ltr'><strong>affectione</strong></span> <span class='ocrx_word' id='word_1_168' title='bbox 2335 1148 2613 1205; x_wconf 83' lang='lat' dir='ltr'><strong>addicitur</strong></span> <span class='ocrx_word' id='word_1_169' title='bbox 2649 1170 2661 1206; x_wconf 91' lang='lat'><strong>:</strong></span> <span class='ocrx_word' id='word_1_170' title='bbox 2691 1154 2785 1221; x_wconf 88' lang='lat' dir='ltr'><strong>qui</strong></span> <span class='ocrx_word' id='word_1_171' title='bbox 2816 1170 2951 1209; x_wconf 90' lang='lat' dir='ltr'><strong>vero</strong></span> <span class='ocrx_word' id='word_1_172' title='bbox 2983 1155 3171 1211; x_wconf 79' lang='lat' dir='ltr'><strong>studet</strong></span> <span class='ocrx_word' id='word_1_173' title='bbox 3200 1168 3452 1212; x_wconf 89' lang='lat' dir='ltr'><strong>contem-</strong></span> 
     </span>
    </p>
   </div>
   <div class='ocr_carea' id='block_1_26' title="bbox 1873 1237 3446 1312">
    <p class='ocr_par' dir='ltr' id='par_1_26' title="bbox 1873 1237 3446 1312">
     <span class='ocr_line' id='line_1_26' title="bbox 1873 1237 3446 1312; baseline 0.01 -22"><span class='ocrx_word' id='word_1_174' title='bbox 1873 1237 2124 1307; x_wconf 88' lang='lat' dir='ltr'><strong>plationi,</strong></span> <span class='ocrx_word' id='word_1_175' title='bbox 2161 1240 2309 1308; x_wconf 91' lang='lat' dir='ltr'><strong>quod</strong></span> <span class='ocrx_word' id='word_1_176' title='bbox 2340 1256 2403 1295; x_wconf 88' lang='lat' dir='ltr'><strong>ea</strong></span> <span class='ocrx_word' id='word_1_177' title='bbox 2435 1242 2577 1297; x_wconf 77' lang='lat' dir='ltr'><strong>Liber</strong></span> <span class='ocrx_word' id='word_1_178' title='bbox 2611 1253 2669 1298; x_wconf 87' lang='lat' dir='ltr'><strong>et</strong></span> <span class='ocrx_word' id='word_1_179' title='bbox 2707 1248 2923 1302; x_wconf 89' lang='lat' dir='ltr'><strong>solutus</strong></span> <span class='ocrx_word' id='word_1_180' title='bbox 2956 1248 3049 1312; x_wconf 79' lang='lat' dir='ltr'><strong>sit,</strong></span> <span class='ocrx_word' id='word_1_181' title='bbox 3089 1249 3333 1305; x_wconf 88' lang='lat' dir='ltr'><strong>revelata</strong></span> <span class='ocrx_word' id='word_1_182' title='bbox 3365 1249 3446 1305; x_wconf 85' lang='lat' dir='ltr'><strong>fa-</strong></span> 
     </span>
    </p>
   </div>
   <div class='ocr_carea' id='block_1_27' title="bbox 1874 1328 3142 1405">
    <p class='ocr_par' dir='ltr' id='par_1_27' title="bbox 1874 1328 3142 1405">
     <span class='ocr_line' id='line_1_27' title="bbox 1874 1328 3142 1405; baseline 0.009 -23"><span class='ocrx_word' id='word_1_183' title='bbox 1874 1328 1956 1383; x_wconf 91' lang='lat' dir='ltr'><strong>cie</strong></span> <span class='ocrx_word' id='word_1_184' title='bbox 1986 1329 2082 1384; x_wconf 91' lang='lat' dir='ltr'><strong>Dei</strong></span> <span class='ocrx_word' id='word_1_185' title='bbox 2111 1331 2339 1399; x_wconf 79' lang='lat' dir='ltr'><strong>gloriam</strong></span> <span class='ocrx_word' id='word_1_186' title='bbox 2370 1347 2436 1386; x_wconf 85' lang='lat' dir='ltr'><strong>ex</strong></span> <span class='ocrx_word' id='word_1_187' title='bbox 2468 1342 2625 1401; x_wconf 89' lang='lat' dir='ltr'><strong>parte</strong></span> <span class='ocrx_word' id='word_1_188' title='bbox 2650 1336 2840 1391; x_wconf 80' lang='lat' dir='ltr'><strong>videre</strong></span> <span class='ocrx_word' id='word_1_189' title='bbox 2872 1340 3142 1405; x_wconf 76' lang='lat' dir='ltr'><strong>potest“.</strong></span> 
     </span>
    </p>
   </div>
   <div class='ocr_carea' id='block_1_28' title="bbox 1942 1420 3451 1498">
    <p class='ocr_par' dir='ltr' id='par_1_28' title="bbox 1942 1420 3451 1498">
     <span class='ocr_line' id='line_1_28' title="bbox 1942 1420 3451 1498; baseline 0.009 -24"><span class='ocrx_word' id='word_1_190' title='bbox 1942 1420 2061 1475; x_wconf 81' lang='grc'><strong>156.</strong></span> <span class='ocrx_word' id='word_1_191' title='bbox 2110 1421 2351 1491; x_wconf 84' lang='lat' dir='ltr'><strong>Spiritali</strong></span> <span class='ocrx_word' id='word_1_192' title='bbox 2408 1428 2865 1496; x_wconf 79' lang='lat' dir='ltr'><strong>contemplationi</strong></span> <span class='ocrx_word' id='word_1_193' title='bbox 2915 1430 3209 1498; x_wconf 87' lang='lat' dir='ltr'><strong>conjuncta</strong></span> <span class='ocrx_word' id='word_1_194' title='bbox 3252 1434 3451 1497; x_wconf 87' lang='lat' dir='ltr'><strong>oratio,</strong></span> 
     </span>
    </p>
   </div>
   <div class='ocr_carea' id='block_1_29' title="bbox 1874 1518 3454 1589">
    <p class='ocr_par' dir='ltr' id='par_1_29' title="bbox 1874 1518 3454 1589">
     <span class='ocr_line' id='line_1_29' title="bbox 1874 1518 3454 1589; baseline 0.007 -22"><span class='ocrx_word' id='word_1_195' title='bbox 1874 1522 2017 1568; x_wconf 91' lang='lat' dir='ltr'><strong>terra</strong></span> <span class='ocrx_word' id='word_1_196' title='bbox 2051 1523 2137 1569; x_wconf 90' lang='lat' dir='ltr'><strong>est</strong></span> <span class='ocrx_word' id='word_1_197' title='bbox 2191 1518 2597 1585; x_wconf 89' lang='lat' dir='ltr'><strong>promissionis,</strong></span> <span class='ocrx_word' id='word_1_198' title='bbox 2633 1536 2763 1589; x_wconf 86' lang='lat' dir='ltr'><strong>qua,</strong></span> <span class='ocrx_word' id='word_1_199' title='bbox 2801 1521 2979 1575; x_wconf 88' lang='lat' dir='ltr'><strong>mellis</strong></span> <span class='ocrx_word' id='word_1_200' title='bbox 3014 1523 3189 1576; x_wconf 90' lang='lat' dir='ltr'><strong>instar</strong></span> <span class='ocrx_word' id='word_1_201' title='bbox 3234 1533 3289 1577; x_wconf 91' lang='lat' dir='ltr'><strong>et</strong></span> <span class='ocrx_word' id='word_1_202' title='bbox 3341 1526 3454 1579; x_wconf 84' lang='lat' dir='ltr'><strong>lac-</strong></span> 
     </span>
    </p>
   </div>
   <div class='ocr_carea' id='block_1_30' title="bbox 1875 1600 3452 1682">
    <p class='ocr_par' dir='ltr' id='par_1_30' title="bbox 1875 1600 3452 1682">
     <span class='ocr_line' id='line_1_30' title="bbox 1875 1600 3452 1682; baseline 0.009 -28"><span class='ocrx_word' id='word_1_203' title='bbox 1875 1600 1945 1656; x_wconf 91' lang='lat' dir='ltr'><strong>tis</strong></span> <span class='ocrx_word' id='word_1_204' title='bbox 1980 1601 2047 1667; x_wconf 74' lang='lat'><strong>”,</strong></span> <span class='ocrx_word' id='word_1_205' title='bbox 2076 1601 2196 1656; x_wconf 85' lang='lat' dir='ltr'><strong>ﬂuit</strong></span> <span class='ocrx_word' id='word_1_206' title='bbox 2223 1605 2454 1659; x_wconf 89' lang='lat' dir='ltr'><strong>scientia</strong></span> <span class='ocrx_word' id='word_1_207' title='bbox 2481 1608 2757 1661; x_wconf 84' lang='lat' dir='ltr'><strong>rationum</strong></span> <span class='ocrx_word' id='word_1_208' title='bbox 2786 1610 3150 1678; x_wconf 72' lang='lat' dir='ltr'><strong>providentia:</strong></span> <span class='ocrx_word' id='word_1_209' title='bbox 3174 1620 3229 1665; x_wconf 90' lang='lat' dir='ltr'><strong>et</strong></span> <span class='ocrx_word' id='word_1_210' title='bbox 3255 1613 3452 1682; x_wconf 90' lang='lat' dir='ltr'><strong>judicii</strong></span> 
     </span>
    </p>
   </div>
   <div class='ocr_carea' id='block_1_31' title="bbox 1873 1689 3450 1773">
    <p class='ocr_par' dir='ltr' id='par_1_31' title="bbox 1873 1689 3450 1773">
     <span class='ocr_line' id='line_1_31' title="bbox 1873 1689 3450 1773; baseline 0.01 -30"><span class='ocrx_word' id='word_1_211' title='bbox 1873 1689 1992 1744; x_wconf 89' lang='lat' dir='ltr'><strong>Dei.</strong></span> <span class='ocrx_word' id='word_1_212' title='bbox 2058 1690 2190 1757; x_wconf 59' lang='lat' dir='ltr'><strong>Quae</strong></span> <span class='ocrx_word' id='word_1_213' title='bbox 2237 1708 2369 1748; x_wconf 89' lang='lat' dir='ltr'><strong>vero</strong></span> <span class='ocrx_word' id='word_1_214' title='bbox 2407 1698 2646 1750; x_wconf 80' lang='lat' dir='ltr'><strong>naturali</strong></span> <span class='ocrx_word' id='word_1_215' title='bbox 2709 1700 3073 1767; x_wconf 87' lang='lat' dir='ltr'><strong>spcculationi</strong></span> <span class='ocrx_word' id='word_1_216' title='bbox 3100 1718 3125 1765; x_wconf 78' lang='lat'><strong>,&#39;</strong></span> <span class='ocrx_word' id='word_1_217' title='bbox 3154 1701 3450 1773; x_wconf 62' lang='lat' dir='ltr'><strong>IEgyptus,</strong></span> 
     </span>
    </p>
   </div>
   <div class='ocr_carea' id='block_1_32' title="bbox 1873 1787 3451 1860">
    <p class='ocr_par' dir='ltr' id='par_1_32' title="bbox 1873 1787 3451 1860">
     <span class='ocr_line' id='line_1_32' title="bbox 1873 1787 3451 1860; baseline 0.008 -23"><span class='ocrx_word' id='word_1_218' title='bbox 1873 1796 1973 1852; x_wconf 88' lang='lat' dir='ltr'><strong>per</strong></span> <span class='ocrx_word' id='word_1_219' title='bbox 1997 1798 2163 1852; x_wconf 90' lang='lat' dir='ltr'><strong>quam</strong></span> <span class='ocrx_word' id='word_1_220' title='bbox 2199 1787 2491 1842; x_wconf 87' lang='lat' dir='ltr'><strong>orantibus</strong></span> <span class='ocrx_word' id='word_1_221' title='bbox 2532 1788 2867 1843; x_wconf 85' lang='lat' dir='ltr'><strong>crassiorum</strong></span> <span class='ocrx_word' id='word_1_222' title='bbox 2915 1792 3285 1860; x_wconf 81' lang='lat' dir='ltr'><strong>cupiditatum</strong></span> <span class='ocrx_word' id='word_1_223' title='bbox 3332 1811 3451 1850; x_wconf 89' lang='lat' dir='ltr'><strong>me-</strong></span> 
     </span>
    </p>
   </div>
   <div class='ocr_carea' id='block_1_33' title="bbox 175 1849 1759 1951">
    <p class='ocr_par' dir='ltr' id='par_1_33' title="bbox 175 1849 1759 1951">
     <span class='ocr_line' id='line_1_33' title="bbox 175 1849 1759 1951; baseline 0 -19"><span class='ocrx_word' id='word_1_224' title='bbox 175 1849 487 1949; x_wconf 57' lang='grc' dir='ltr'>ὲγγινεται.</span> <span class='ocrx_word' id='word_1_225' title='bbox 532 1849 596 1933; x_wconf 69' lang='grc' dir='ltr'><strong>ἰι</strong></span> <span class='ocrx_word' id='word_1_226' title='bbox 623 1880 681 1933; x_wconf 85' lang='grc' dir='ltr'><strong>δέ</strong></span> <span class='ocrx_word' id='word_1_227' title='bbox 710 1896 775 1948; x_wconf 94' lang='grc' dir='ltr'><strong>γε</strong></span> <span class='ocrx_word' id='word_1_228' title='bbox 809 1849 978 1948; x_wconf 67' lang='grc' dir='ltr'>ἁπλῆ,</span> <span class='ocrx_word' id='word_1_229' title='bbox 1006 1849 1276 1949; x_wconf 37' lang='lat' dir='ltr'><strong>sapa-vva</strong></span> <span class='ocrx_word' id='word_1_230' title='bbox 1324 1880 1443 1933; x_wconf 76' lang='grc' dir='ltr'>ἐστὶ</span> <span class='ocrx_word' id='word_1_231' title='bbox 1482 1849 1548 1932; x_wconf 56' lang='grc' dir='ltr'><em>τὲ</em></span> <span class='ocrx_word' id='word_1_232' title='bbox 1588 1849 1651 1933; x_wconf 78' lang='grc' dir='ltr'><strong>ἐν</strong></span> <span class='ocrx_word' id='word_1_233' title='bbox 1700 1883 1759 1951; x_wconf 81' lang='grc' dir='ltr'>τῇ</span> 
     </span>
    </p>
   </div>
   <div class='ocr_carea' id='block_1_34' title="bbox 1861 1849 3453 1951">
    <p class='ocr_par' dir='ltr' id='par_1_34' title="bbox 1870 1874 3453 1947">
     <span class='ocr_line' id='line_1_34' title="bbox 1870 1874 3453 1947; baseline 0.009 -21"><span class='ocrx_word' id='word_1_234' title='bbox 1870 1874 2045 1927; x_wconf 90' lang='lat' dir='ltr'><strong>moria</strong></span> <span class='ocrx_word' id='word_1_235' title='bbox 2085 1874 2302 1943; x_wconf 89' lang='lat' dir='ltr'><strong>obrepit</strong></span> <span class='ocrx_word' id='word_1_236' title='bbox 2331 1876 2394 1930; x_wconf 69' lang='grc'><strong>⁸⁸.</strong></span> <span class='ocrx_word' id='word_1_237' title='bbox 2430 1878 2671 1947; x_wconf 79' lang='lat' dir='ltr'><strong>Simplex</strong></span> <span class='ocrx_word' id='word_1_238' title='bbox 2700 1891 2885 1934; x_wconf 86' lang='lat' dir='ltr'><strong>autem</strong></span> <span class='ocrx_word' id='word_1_239' title='bbox 2910 1882 3111 1945; x_wconf 88' lang='lat' dir='ltr'><strong>oratio,</strong></span> <span class='ocrx_word' id='word_1_240' title='bbox 3138 1898 3338 1938; x_wconf 89' lang='lat' dir='ltr'><strong>manna</strong></span> <span class='ocrx_word' id='word_1_241' title='bbox 3367 1894 3453 1940; x_wconf 86' lang='lat' dir='ltr'><strong>est</strong></span> 
     </span>
    </p>
   </div>
   <div class='ocr_carea' id='block_1_35' title="bbox 174 1971 1765 2043">
    <p class='ocr_par' dir='ltr' id='par_1_35' title="bbox 174 1971 1765 2043">
     <span class='ocr_line' id='line_1_35' title="bbox 174 1971 1765 2043; baseline 0.001 -20"><span class='ocrx_word' id='word_1_242' title='bbox 174 1974 400 2043; x_wconf 81' lang='grc' dir='ltr'>ἐρήμῳ,</span> <span class='ocrx_word' id='word_1_243' title='bbox 436 1972 499 2025; x_wconf 77' lang='grc' dir='ltr'>τὸ</span> <span class='ocrx_word' id='word_1_244' title='bbox 541 1972 629 2025; x_wconf 73' lang='grc' dir='ltr'><strong>διὰ</strong></span> <span class='ocrx_word' id='word_1_245' title='bbox 672 1973 734 2026; x_wconf 86' lang='grc' dir='ltr'>τὸ</span> <span class='ocrx_word' id='word_1_246' title='bbox 769 1971 1059 2042; x_wconf 83' lang='grc' dir='ltr'>μονοειδὲς,</span> <span class='ocrx_word' id='word_1_247' title='bbox 1085 1975 1199 2035; x_wconf 87' lang='grc' dir='ltr'>τοῖς</span> <span class='ocrx_word' id='word_1_248' title='bbox 1237 1972 1338 2042; x_wconf 82' lang='grc' dir='ltr'><strong>μὲν</strong></span> <span class='ocrx_word' id='word_1_249' title='bbox 1367 1972 1765 2043; x_wconf 85' lang='grc' dir='ltr'>ἀκαρτερήτοις</span> 
     </span>
    </p>
   </div>
   <div class='ocr_carea' id='block_1_36' title="bbox 173 2063 1762 2135">
    <p class='ocr_par' dir='ltr' id='par_1_36' title="bbox 173 2063 1762 2135">
     <span class='ocr_line' id='line_1_36' title="bbox 173 2063 1762 2135; baseline 0.002 -19"><span class='ocrx_word' id='word_1_250' title='bbox 173 2066 532 2117; x_wconf 65' lang='grc' dir='ltr'>ἐναποκλεῶν</span> <span class='ocrx_word' id='word_1_251' title='bbox 583 2064 654 2116; x_wconf 77' lang='grc' dir='ltr'><strong>τὰ.</strong></span> <span class='ocrx_word' id='word_1_252' title='bbox 708 2064 775 2117; x_wconf 86' lang='grc' dir='ltr'><strong>δι’</strong></span> <span class='ocrx_word' id='word_1_253' title='bbox 824 2063 1123 2134; x_wconf 75' lang='grc' dir='ltr'>ἐπιθυμίας</span> <span class='ocrx_word' id='word_1_254' title='bbox 1169 2063 1280 2117; x_wconf 84' lang='grc' dir='ltr'>τῶν</span> <span class='ocrx_word' id='word_1_255' title='bbox 1331 2064 1762 2135; x_wconf 72' lang='grc' dir='ltr'>ἐπηγγελμένων</span> 
     </span>
    </p>
   </div>
   <div class='ocr_carea' id='block_1_37' title="bbox 173 2156 1761 2229">
    <p class='ocr_par' dir='ltr' id='par_1_37' title="bbox 173 2156 1761 2229">
     <span class='ocr_line' id='line_1_37' title="bbox 173 2156 1761 2229; baseline 0 -18"><span class='ocrx_word' id='word_1_256' title='bbox 173 2158 358 2212; x_wconf 71' lang='grc' dir='ltr'>καλά’</span> <span class='ocrx_word' id='word_1_257' title='bbox 390 2160 502 2222; x_wconf 83' lang='grc' dir='ltr'>τοῖς</span> <span class='ocrx_word' id='word_1_258' title='bbox 530 2158 588 2212; x_wconf 79' lang='grc' dir='ltr'><strong>δὲ</strong></span> <span class='ocrx_word' id='word_1_259' title='bbox 620 2158 1018 2227; x_wconf 85' lang='grc' dir='ltr'>ἐγκαρτεροῦσι</span> <span class='ocrx_word' id='word_1_260' title='bbox 1068 2159 1134 2227; x_wconf 81' lang='grc' dir='ltr'><strong>τῇ</strong></span> <span class='ocrx_word' id='word_1_261' title='bbox 1165 2156 1392 2229; x_wconf 82' lang='grc' dir='ltr'>τοιαύτῃ</span> <span class='ocrx_word' id='word_1_262' title='bbox 1450 2158 1761 2211; x_wconf 87' lang='grc' dir='ltr'>ἀπεστενω-</span> 
     </span>
    </p>
   </div>
   <div class='ocr_carea' id='block_1_38' title="bbox 176 2249 1762 2324">
    <p class='ocr_par' dir='ltr' id='par_1_38' title="bbox 176 2249 1762 2324">
     <span class='ocr_line' id='line_1_38' title="bbox 176 2249 1762 2324; baseline 0 -20"><span class='ocrx_word' id='word_1_263' title='bbox 176 2253 326 2323; x_wconf 80' lang='grc' dir='ltr'>μένῃ</span> <span class='ocrx_word' id='word_1_264' title='bbox 357 2254 556 2324; x_wconf 74' lang='grc' dir='ltr'>τροφῇ,</span> <span class='ocrx_word' id='word_1_265' title='bbox 598 2249 895 2322; x_wconf 81' lang='grc' dir='ltr'>προξενοῦν</span> <span class='ocrx_word' id='word_1_266' title='bbox 932 2250 1033 2322; x_wconf 79' lang='grc' dir='ltr'>τὴν</span> <span class='ocrx_word' id='word_1_267' title='bbox 1065 2250 1301 2322; x_wconf 81' lang='grc' dir='ltr'><strong>κρείττω</strong></span> <span class='ocrx_word' id='word_1_268' title='bbox 1320 2250 1510 2318; x_wconf 87' lang='grc' dir='ltr'>γεῦσιν</span> <span class='ocrx_word' id='word_1_269' title='bbox 1541 2253 1636 2303; x_wconf 75' lang='grc' dir='ltr'><strong>καὶ</strong></span> <span class='ocrx_word' id='word_1_270' title='bbox 1669 2250 1762 2321; x_wconf 87' lang='grc' dir='ltr'>μέ-</span> 
     </span>
    </p>
   </div>
   <div class='ocr_carea' id='block_1_39' title="bbox 170 2362 397 2400">
    <p class='ocr_par' dir='ltr' id='par_1_39' title="bbox 170 2362 397 2400">
     <span class='ocr_line' id='line_1_39' title="bbox 170 2362 397 2400; baseline -0.004 -1"><span class='ocrx_word' id='word_1_271' title='bbox 170 2363 265 2399; x_wconf 85' lang='grc' dir='ltr'><strong>νου</strong></span> <span class='ocrx_word' id='word_1_272' title='bbox 272 2362 397 2400; x_wconf 75' lang='grc' dir='ltr'>σαν.</span> 
     </span>
    </p>
   </div>
   <div class='ocr_carea' id='block_1_40' title="bbox 247 2435 1760 2508">
    <p class='ocr_par' dir='ltr' id='par_1_40' title="bbox 247 2435 1760 2508">
     <span class='ocr_line' id='line_1_40' title="bbox 247 2435 1760 2508; baseline 0 -20"><span class='ocrx_word' id='word_1_273' title='bbox 247 2438 384 2508; x_wconf 66' lang='grc' dir='ltr'>ρνς.</span> <span class='ocrx_word' id='word_1_274' title='bbox 424 2436 629 2507; x_wconf 77' lang='grc' dir='ltr'>Πρᾶξις</span> <span class='ocrx_word' id='word_1_275' title='bbox 659 2436 757 2489; x_wconf 81' lang='grc' dir='ltr'><strong>σὺν</strong></span> <span class='ocrx_word' id='word_1_276' title='bbox 783 2435 987 2508; x_wconf 78' lang='grc' dir='ltr'>θεωρίᾳ</span> <span class='ocrx_word' id='word_1_277' title='bbox 1012 2436 1110 2507; x_wconf 79' lang='grc' dir='ltr'>μὲν</span> <span class='ocrx_word' id='word_1_278' title='bbox 1136 2437 1212 2499; x_wconf 83' lang='grc' dir='ltr'>ὡς</span> <span class='ocrx_word' id='word_1_279' title='bbox 1242 2436 1404 2505; x_wconf 85' lang='grc' dir='ltr'>σῶμα</span> <span class='ocrx_word' id='word_1_280' title='bbox 1432 2435 1569 2506; x_wconf 78' lang='grc' dir='ltr'>μετὰ</span> <span class='ocrx_word' id='word_1_281' title='bbox 1598 2435 1760 2489; x_wconf 80' lang='grc' dir='ltr'>πνεύ-</span> 
     </span>
    </p>
   </div>
   <div class='ocr_carea' id='block_1_41' title="bbox 172 2527 1759 2599">
    <p class='ocr_par' dir='ltr' id='par_1_41' title="bbox 172 2527 1759 2599">
     <span class='ocr_line' id='line_1_41' title="bbox 172 2527 1759 2599; baseline -0.001 -17"><span class='ocrx_word' id='word_1_282' title='bbox 172 2546 352 2598; x_wconf 81' lang='grc' dir='ltr'>ματος</span> <span class='ocrx_word' id='word_1_283' title='bbox 401 2528 731 2599; x_wconf 83' lang='grc' dir='ltr'>ἡγεμονικοῦ</span> <span class='ocrx_word' id='word_1_284' title='bbox 769 2528 837 2595; x_wconf 83' lang='grc' dir='ltr'><strong>(ι’)</strong></span> <span class='ocrx_word' id='word_1_285' title='bbox 866 2529 1034 2582; x_wconf 80' lang='grc' dir='ltr'>’ἄνευ</span> <span class='ocrx_word' id='word_1_286' title='bbox 1085 2528 1141 2580; x_wconf 81' lang='grc' dir='ltr'><strong>δὲ</strong></span> <span class='ocrx_word' id='word_1_287' title='bbox 1190 2527 1443 2598; x_wconf 78' lang='grc' dir='ltr'>Θεωρίας,</span> <span class='ocrx_word' id='word_1_288' title='bbox 1495 2527 1571 2591; x_wconf 82' lang='grc' dir='ltr'>ὼς</span> <span class='ocrx_word' id='word_1_289' title='bbox 1623 2527 1759 2598; x_wconf 76' lang='grc' dir='ltr'>σάρξ</span> 
     </span>
    </p>
   </div>
   <div class='ocr_carea' id='block_1_42' title="bbox 170 2620 1523 2691">
    <p class='ocr_par' dir='ltr' id='par_1_42' title="bbox 170 2620 1523 2691">
     <span class='ocr_line' id='line_1_42' title="bbox 170 2620 1523 2691; baseline -0.001 -17"><span class='ocrx_word' id='word_1_290' title='bbox 170 2622 322 2691; x_wconf 76' lang='grc' dir='ltr'>μετὰ</span> <span class='ocrx_word' id='word_1_291' title='bbox 356 2621 669 2691; x_wconf 70' lang='grc' dir='ltr'>πνεύματος</span> <span class='ocrx_word' id='word_1_292' title='bbox 690 2621 1082 2691; x_wconf 84' lang='grc' dir='ltr'>προαιρετικοῦ</span> <span class='ocrx_word' id='word_1_293' title='bbox 1120 2620 1523 2690; x_wconf 82' lang='grc' dir='ltr'>λογισθήσεται.</span> 
     </span>
    </p>
   </div>
   <div class='ocr_carea' id='block_1_43' title="bbox 242 2795 1755 2868">
    <p class='ocr_par' dir='ltr' id='par_1_43' title="bbox 242 2795 1755 2868">
     <span class='ocr_line' id='line_1_43' title="bbox 242 2795 1755 2868; baseline 0.002 -19"><span class='ocrx_word' id='word_1_294' title='bbox 242 2804 386 2867; x_wconf 71' lang='grc' dir='ltr'>ρνην.</span> <span class='ocrx_word' id='word_1_295' title='bbox 422 2797 533 2867; x_wconf 86' lang='grc' dir='ltr'><strong>Τῆς</strong></span> <span class='ocrx_word' id='word_1_296' title='bbox 578 2795 806 2866; x_wconf 84' lang='grc' dir='ltr'>λογικῆς</span> <span class='ocrx_word' id='word_1_297' title='bbox 839 2796 1040 2867; x_wconf 80' lang='grc' dir='ltr'>ψυχῆς,</span> <span class='ocrx_word' id='word_1_298' title='bbox 1087 2796 1227 2866; x_wconf 84' lang='grc' dir='ltr'>αὐλὴ</span> <span class='ocrx_word' id='word_1_299' title='bbox 1280 2797 1379 2866; x_wconf 85' lang='grc' dir='ltr'><strong>μέν</strong></span> <span class='ocrx_word' id='word_1_300' title='bbox 1408 2798 1440 2866; x_wconf 85' lang='grc' dir='ltr'>ἡ</span> <span class='ocrx_word' id='word_1_301' title='bbox 1468 2796 1755 2868; x_wconf 75' lang='grc' dir='ltr'>αἴσθησις·</span> 
     </span>
    </p>
   </div>
   <div class='ocr_carea' id='block_1_44' title="bbox 167 2888 1754 2960">
    <p class='ocr_par' dir='ltr' id='par_1_44' title="bbox 167 2888 1754 2960">
     <span class='ocr_line' id='line_1_44' title="bbox 167 2888 1754 2960; baseline 0.006 -18"><span class='ocrx_word' id='word_1_302' title='bbox 167 2890 306 2952; x_wconf 75' lang='grc' dir='ltr'>ναὸς</span> <span class='ocrx_word' id='word_1_303' title='bbox 337 2890 415 2951; x_wconf 81' lang='grc' dir='ltr'><strong>δὲ,</strong></span> <span class='ocrx_word' id='word_1_304' title='bbox 454 2891 487 2959; x_wconf 87' lang='grc' dir='ltr'>ή</span> <span class='ocrx_word' id='word_1_305' title='bbox 531 2889 776 2943; x_wconf 80' lang='grc' dir='ltr'>διάνοια’</span> <span class='ocrx_word' id='word_1_306' title='bbox 830 2889 1123 2958; x_wconf 75' lang='grc' dir='ltr'>ἀρχιερεὺς</span> <span class='ocrx_word' id='word_1_307' title='bbox 1174 2888 1252 2953; x_wconf 87' lang='grc' dir='ltr'><strong>δέ,</strong></span> <span class='ocrx_word' id='word_1_308' title='bbox 1295 2890 1324 2941; x_wconf 84' lang='grc' dir='ltr'>ὁ</span> <span class='ocrx_word' id='word_1_309' title='bbox 1368 2888 1511 2952; x_wconf 75' lang='grc' dir='ltr'>νοῦς.</span> <span class='ocrx_word' id='word_1_310' title='bbox 1551 2890 1639 2942; x_wconf 89' lang='grc' dir='ltr'>Ἐν</span> <span class='ocrx_word' id='word_1_311' title='bbox 1688 2892 1754 2960; x_wconf 81' lang='grc' dir='ltr'>τῇ</span> 
     </span>
    </p>
   </div>
   <div class='ocr_carea' id='block_1_45' title="bbox 166 2978 1751 3053">
    <p class='ocr_par' dir='ltr' id='par_1_45' title="bbox 166 2978 1751 3053">
     <span class='ocr_line' id='line_1_45' title="bbox 166 2978 1751 3053; baseline 0.001 -17"><span class='ocrx_word' id='word_1_312' title='bbox 166 2982 313 3052; x_wconf 69' lang='grc' dir='ltr'>αὐλῇ</span> <span class='ocrx_word' id='word_1_313' title='bbox 342 2978 435 3035; x_wconf 78' lang='grc' dir='ltr'><strong>οὖν</strong></span> <span class='ocrx_word' id='word_1_314' title='bbox 466 2982 704 3047; x_wconf 75' lang='grc' dir='ltr'>ἵσταται,</span> <span class='ocrx_word' id='word_1_315' title='bbox 737 2983 766 3035; x_wconf 76' lang='grc' dir='ltr'><strong><em>ὁ</em></strong></span> <span class='ocrx_word' id='word_1_316' title='bbox 806 2982 896 3034; x_wconf 82' lang='grc' dir='ltr'>ὑπ’</span> <span class='ocrx_word' id='word_1_317' title='bbox 944 2981 1190 3052; x_wconf 79' lang='grc' dir='ltr'>ἀκαίρων</span> <span class='ocrx_word' id='word_1_318' title='bbox 1242 2981 1366 3046; x_wconf 88' lang='grc' dir='ltr'>νοῦς</span> <span class='ocrx_word' id='word_1_319' title='bbox 1417 2984 1751 3053; x_wconf 83' lang='grc' dir='ltr'>περικοπτό-</span> 
     </span>
    </p>
   </div>
   <div class='ocr_carea' id='block_1_46' title="bbox 171 3073 1751 3145">
    <p class='ocr_par' dir='ltr' id='par_1_46' title="bbox 171 3073 1751 3145">
     <span class='ocr_line' id='line_1_46' title="bbox 171 3073 1751 3145; baseline 0.003 -20"><span class='ocrx_word' id='word_1_320' title='bbox 171 3090 342 3143; x_wconf 83' lang='grc' dir='ltr'>μενος</span> <span class='ocrx_word' id='word_1_321' title='bbox 390 3073 702 3142; x_wconf 73' lang='grc' dir='ltr'>λογισμῶνο</span> <span class='ocrx_word' id='word_1_322' title='bbox 735 3075 795 3125; x_wconf 90' lang='grc' dir='ltr'><strong>ἐν</strong></span> <span class='ocrx_word' id='word_1_323' title='bbox 840 3073 919 3142; x_wconf 82' lang='grc' dir='ltr'><strong>τῷ</strong></span> <span class='ocrx_word' id='word_1_324' title='bbox 949 3073 1063 3145; x_wconf 74' lang='grc' dir='ltr'><strong>ναῷ</strong></span> <span class='ocrx_word' id='word_1_325' title='bbox 1114 3074 1194 3134; x_wconf 82' lang='grc' dir='ltr'>δὲ,</span> <span class='ocrx_word' id='word_1_326' title='bbox 1245 3075 1274 3126; x_wconf 83' lang='grc' dir='ltr'>ὁ</span> <span class='ocrx_word' id='word_1_327' title='bbox 1309 3073 1414 3127; x_wconf 79' lang='grc' dir='ltr'><strong>ὑπὸ</strong></span> <span class='ocrx_word' id='word_1_328' title='bbox 1442 3076 1717 3145; x_wconf 82' lang='grc' dir='ltr'>εὐκαίρων</span> <span class='ocrx_word' id='word_1_329' title='bbox 1738 3093 1751 3108; x_wconf 88' lang='grc'><strong>·</strong></span> 
     </span>
    </p>
   </div>
   <div class='ocr_carea' id='block_1_47' title="bbox 1867 1964 3447 2037">
    <p class='ocr_par' dir='ltr' id='par_1_47' title="bbox 1867 1964 3447 2037">
     <span class='ocr_line' id='line_1_47' title="bbox 1867 1964 3447 2037; baseline 0.006 -18"><span class='ocrx_word' id='word_1_330' title='bbox 1867 1964 1924 2019; x_wconf 92' lang='lat' dir='ltr'><strong>in</strong></span> <span class='ocrx_word' id='word_1_331' title='bbox 1959 1965 2201 2030; x_wconf 89' lang='lat' dir='ltr'><strong>deserto,</strong></span> <span class='ocrx_word' id='word_1_332' title='bbox 2236 1982 2300 2021; x_wconf 86' lang='lat' dir='ltr'><strong>ea</strong></span> <span class='ocrx_word' id='word_1_333' title='bbox 2338 1969 2548 2022; x_wconf 85' lang='lat' dir='ltr'><strong>ratione</strong></span> <span class='ocrx_word' id='word_1_334' title='bbox 2568 1984 2674 2037; x_wconf 89' lang='lat' dir='ltr'><strong>qua</strong></span> <span class='ocrx_word' id='word_1_335' title='bbox 2710 1971 2984 2026; x_wconf 79' lang='lat' dir='ltr'><strong>uniforme</strong></span> <span class='ocrx_word' id='word_1_336' title='bbox 3013 1981 3156 2037; x_wconf 91' lang='lat' dir='ltr'><strong>erat,</strong></span> <span class='ocrx_word' id='word_1_337' title='bbox 3182 1990 3293 2028; x_wconf 92' lang='lat' dir='ltr'><strong>non</strong></span> <span class='ocrx_word' id='word_1_338' title='bbox 3320 1989 3447 2029; x_wconf 88' lang='lat' dir='ltr'><strong>sus-</strong></span> 
     </span>
    </p>
   </div>
   <div class='ocr_carea' id='block_1_48' title="bbox 1868 2058 3447 2131">
    <p class='ocr_par' dir='ltr' id='par_1_48' title="bbox 1868 2058 3447 2131">
     <span class='ocr_line' id='line_1_48' title="bbox 1868 2058 3447 2131; baseline 0.006 -19"><span class='ocrx_word' id='word_1_339' title='bbox 1868 2058 2175 2113; x_wconf 89' lang='lat' dir='ltr'><strong>tinentibus</strong></span> <span class='ocrx_word' id='word_1_340' title='bbox 2202 2058 2525 2129; x_wconf 85' lang='lat' dir='ltr'><strong>cupiditatis</strong></span> <span class='ocrx_word' id='word_1_341' title='bbox 2564 2061 2685 2115; x_wconf 87' lang='lat' dir='ltr'><strong>labe</strong></span> <span class='ocrx_word' id='word_1_342' title='bbox 2712 2061 2782 2125; x_wconf 64' lang='lat'><strong>‘7,</strong></span> <span class='ocrx_word' id='word_1_343' title='bbox 2812 2062 3248 2131; x_wconf 86' lang='lat' dir='ltr'><strong>promissionum</strong></span> <span class='ocrx_word' id='word_1_344' title='bbox 3303 2068 3447 2121; x_wconf 85' lang='lat' dir='ltr'><strong>bona</strong></span> 
     </span>
    </p>
   </div>
   <div class='ocr_carea' id='block_1_49' title="bbox 1863 2148 3443 2220">
    <p class='ocr_par' dir='ltr' id='par_1_49' title="bbox 1863 2148 3443 2220">
     <span class='ocr_line' id='line_1_49' title="bbox 1863 2148 3443 2220; baseline 0.005 -17"><span class='ocrx_word' id='word_1_345' title='bbox 1863 2148 2199 2216; x_wconf 87' lang='lat' dir='ltr'><strong>oceludcns;</strong></span> <span class='ocrx_word' id='word_1_346' title='bbox 2230 2151 2318 2206; x_wconf 91' lang='lat' dir='ltr'><strong>his</strong></span> <span class='ocrx_word' id='word_1_347' title='bbox 2343 2167 2475 2206; x_wconf 81' lang='lat' dir='ltr'><strong>vero</strong></span> <span class='ocrx_word' id='word_1_348' title='bbox 2509 2153 2602 2220; x_wconf 85' lang='lat' dir='ltr'><strong>qui</strong></span> <span class='ocrx_word' id='word_1_349' title='bbox 2631 2163 2785 2207; x_wconf 86' lang='lat' dir='ltr'><strong>arcto</strong></span> <span class='ocrx_word' id='word_1_350' title='bbox 2817 2155 2915 2209; x_wconf 93' lang='lat' dir='ltr'><strong>illo</strong></span> <span class='ocrx_word' id='word_1_351' title='bbox 2951 2155 3078 2209; x_wconf 91' lang='lat' dir='ltr'><strong>cibo</strong></span> <span class='ocrx_word' id='word_1_352' title='bbox 3116 2164 3443 2212; x_wconf 88' lang='lat' dir='ltr'><strong>constanter</strong></span> 
     </span>
    </p>
   </div>
   <div class='ocr_carea' id='block_1_50' title="bbox 1862 2243 3441 2315">
    <p class='ocr_par' dir='ltr' id='par_1_50' title="bbox 1862 2243 3441 2315">
     <span class='ocr_line' id='line_1_50' title="bbox 1862 2243 3441 2315; baseline 0.008 -24"><span class='ocrx_word' id='word_1_353' title='bbox 1862 2251 2223 2295; x_wconf 78' lang='lat' dir='ltr'><strong>vescerentur</strong></span> <span class='ocrx_word' id='word_1_354' title='bbox 2249 2282 2263 2306; x_wconf 96' lang='lat'><strong>,</strong></span> <span class='ocrx_word' id='word_1_355' title='bbox 2306 2243 2578 2313; x_wconf 89' lang='lat' dir='ltr'><strong>potiorem</strong></span> <span class='ocrx_word' id='word_1_356' title='bbox 2635 2252 2859 2313; x_wconf 80' lang='lat' dir='ltr'><strong>gustum</strong></span> <span class='ocrx_word' id='word_1_357' title='bbox 2904 2254 3071 2315; x_wconf 90' lang='lat' dir='ltr'><strong>atque</strong></span> <span class='ocrx_word' id='word_1_358' title='bbox 3122 2257 3441 2303; x_wconf 90' lang='lat' dir='ltr'><strong>manentem</strong></span> 
     </span>
    </p>
   </div>
   <div class='ocr_carea' id='block_1_51' title="bbox 1864 2332 2228 2399">
    <p class='ocr_par' dir='ltr' id='par_1_51' title="bbox 1864 2332 2228 2399">
     <span class='ocr_line' id='line_1_51' title="bbox 1864 2332 2228 2399; baseline 0.003 -15"><span class='ocrx_word' id='word_1_359' title='bbox 1864 2340 2134 2399; x_wconf 69' lang='lat' dir='ltr'><strong>prmstans</strong></span> <span class='ocrx_word' id='word_1_360' title='bbox 2162 2332 2228 2385; x_wconf 66' lang='grc'><strong>⁸⁸.</strong></span> 
     </span>
    </p>
   </div>
   <div class='ocr_carea' id='block_1_52' title="bbox 1940 2424 3449 2501">
    <p class='ocr_par' dir='ltr' id='par_1_52' title="bbox 1940 2424 3449 2501">
     <span class='ocr_line' id='line_1_52' title="bbox 1940 2424 3449 2501; baseline 0.007 -26"><span class='ocrx_word' id='word_1_361' title='bbox 1940 2424 2058 2476; x_wconf 75' lang='grc'><strong>157.</strong></span> <span class='ocrx_word' id='word_1_362' title='bbox 2088 2424 2249 2478; x_wconf 88' lang='lat' dir='ltr'><strong>Actio</strong></span> <span class='ocrx_word' id='word_1_363' title='bbox 2304 2426 2773 2495; x_wconf 84' lang='lat' dir='ltr'><strong>contemplatione</strong></span> <span class='ocrx_word' id='word_1_364' title='bbox 2822 2428 2958 2482; x_wconf 88' lang='lat' dir='ltr'><strong>fulta</strong></span> <span class='ocrx_word' id='word_1_365' title='bbox 2985 2471 2999 2496; x_wconf 94' lang='lat'><strong>,</strong></span> <span class='ocrx_word' id='word_1_366' title='bbox 3052 2429 3206 2484; x_wconf 91' lang='lat' dir='ltr'><strong>velut</strong></span> <span class='ocrx_word' id='word_1_367' title='bbox 3246 2446 3449 2501; x_wconf 86' lang='lat' dir='ltr'><strong>corpus</strong></span> 
     </span>
    </p>
   </div>
   <div class='ocr_carea' id='block_1_53' title="bbox 1860 2514 3449 2588">
    <p class='ocr_par' dir='ltr' id='par_1_53' title="bbox 1860 2514 3449 2588">
     <span class='ocr_line' id='line_1_53' title="bbox 1860 2514 3449 2588; baseline 0.008 -22"><span class='ocrx_word' id='word_1_368' title='bbox 1860 2522 1984 2578; x_wconf 87' lang='lat' dir='ltr'><strong>est,</strong></span> <span class='ocrx_word' id='word_1_369' title='bbox 2017 2514 2219 2583; x_wconf 85' lang='lat' dir='ltr'><strong>spiritu</strong></span> <span class='ocrx_word' id='word_1_370' title='bbox 2286 2516 2488 2571; x_wconf 88' lang='lat' dir='ltr'><strong>fultum</strong></span> <span class='ocrx_word' id='word_1_371' title='bbox 2541 2519 2836 2588; x_wconf 88' lang='lat' dir='ltr'><strong>principali</strong></span> <span class='ocrx_word' id='word_1_372' title='bbox 2875 2520 3007 2574; x_wconf 90' lang='lat' dir='ltr'><strong>:cui</strong></span> <span class='ocrx_word' id='word_1_373' title='bbox 3058 2530 3242 2581; x_wconf 83' lang='lat' dir='ltr'><strong>autem</strong></span> <span class='ocrx_word' id='word_1_374' title='bbox 3290 2524 3449 2579; x_wconf 88' lang='lat' dir='ltr'><strong>deest</strong></span> 
     </span>
    </p>
   </div>
   <div class='ocr_carea' id='block_1_54' title="bbox 1860 2607 3447 2676">
    <p class='ocr_par' dir='ltr' id='par_1_54' title="bbox 1860 2607 3447 2676">
     <span class='ocr_line' id='line_1_54' title="bbox 1860 2607 3447 2676; baseline 0.006 -15"><span class='ocrx_word' id='word_1_375' title='bbox 1860 2607 2278 2676; x_wconf 87' lang='lat' dir='ltr'><strong>contemplatio,</strong></span> <span class='ocrx_word' id='word_1_376' title='bbox 2344 2609 2500 2664; x_wconf 90' lang='lat' dir='ltr'><strong>velut</strong></span> <span class='ocrx_word' id='word_1_377' title='bbox 2539 2624 2672 2665; x_wconf 87' lang='lat' dir='ltr'><strong>caro</strong></span> <span class='ocrx_word' id='word_1_378' title='bbox 2721 2627 2848 2666; x_wconf 91' lang='lat' dir='ltr'><strong>cum</strong></span> <span class='ocrx_word' id='word_1_379' title='bbox 2904 2612 3095 2668; x_wconf 76' lang='lat' dir='ltr'><strong>liberie</strong></span> <span class='ocrx_word' id='word_1_380' title='bbox 3142 2613 3447 2670; x_wconf 82' lang='lat' dir='ltr'><strong>voluntatis</strong></span> 
     </span>
    </p>
   </div>
   <div class='ocr_carea' id='block_1_55' title="bbox 1860 2696 2463 2767">
    <p class='ocr_par' dir='ltr' id='par_1_55' title="bbox 1860 2696 2463 2767">
     <span class='ocr_line' id='line_1_55' title="bbox 1860 2696 2463 2767; baseline 0.005 -17"><span class='ocrx_word' id='word_1_381' title='bbox 1860 2696 2056 2766; x_wconf 89' lang='lat' dir='ltr'><strong>spiritu</strong></span> <span class='ocrx_word' id='word_1_382' title='bbox 2092 2699 2463 2767; x_wconf 89' lang='lat' dir='ltr'><strong>reputabitur.</strong></span> 
     </span>
    </p>
   </div>
   <div class='ocr_carea' id='block_1_56' title="bbox 1932 2787 3445 2859">
    <p class='ocr_par' dir='ltr' id='par_1_56' title="bbox 1932 2787 3445 2859">
     <span class='ocr_line' id='line_1_56' title="bbox 1932 2787 3445 2859; baseline 0.009 -18"><span class='ocrx_word' id='word_1_383' title='bbox 1932 2787 2053 2843; x_wconf 74' lang='lat'><strong>138.</strong></span> <span class='ocrx_word' id='word_1_384' title='bbox 2078 2789 2279 2859; x_wconf 30' lang='lat' dir='ltr'><strong>‘Animi</strong></span> <span class='ocrx_word' id='word_1_385' title='bbox 2328 2791 2537 2847; x_wconf 89' lang='lat' dir='ltr'><strong>utentis</strong></span> <span class='ocrx_word' id='word_1_386' title='bbox 2579 2793 2813 2859; x_wconf 84' lang='lat' dir='ltr'><strong>ratione,</strong></span> <span class='ocrx_word' id='word_1_387' title='bbox 2843 2795 3048 2850; x_wconf 89' lang='lat' dir='ltr'><strong>atrium</strong></span> <span class='ocrx_word' id='word_1_388' title='bbox 3086 2812 3286 2854; x_wconf 81' lang='lat' dir='ltr'><strong>sensus</strong></span> <span class='ocrx_word' id='word_1_389' title='bbox 3318 2808 3445 2857; x_wconf 88' lang='lat' dir='ltr'><strong>est:</strong></span> 
     </span>
    </p>
   </div>
   <div class='ocr_carea' id='block_1_57' title="bbox 1855 2881 3447 2961">
    <p class='ocr_par' dir='ltr' id='par_1_57' title="bbox 1855 2881 3447 2961">
     <span class='ocr_line' id='line_1_57' title="bbox 1855 2881 3447 2961; baseline 0.007 -26"><span class='ocrx_word' id='word_1_390' title='bbox 1855 2881 2160 2949; x_wconf 89' lang='lat' dir='ltr'><strong>templum,</strong></span> <span class='ocrx_word' id='word_1_391' title='bbox 2199 2897 2376 2948; x_wconf 90' lang='lat' dir='ltr'><strong>mens,</strong></span> <span class='ocrx_word' id='word_1_392' title='bbox 2406 2884 2676 2952; x_wconf 81' lang='lat' dir='ltr'><strong>pontifex,</strong></span> <span class='ocrx_word' id='word_1_393' title='bbox 2739 2887 2903 2942; x_wconf 88' lang='lat' dir='ltr'><strong>ratio.</strong></span> <span class='ocrx_word' id='word_1_394' title='bbox 2956 2889 3147 2961; x_wconf 86' lang='lat' dir='ltr'><strong>Itaque</strong></span> <span class='ocrx_word' id='word_1_395' title='bbox 3195 2891 3250 2944; x_wconf 93' lang='lat' dir='ltr'><strong>in</strong></span> <span class='ocrx_word' id='word_1_396' title='bbox 3304 2893 3447 2946; x_wconf 89' lang='lat' dir='ltr'><strong>atrio</strong></span> 
     </span>
    </p>
   </div>
   <div class='ocr_carea' id='block_1_58' title="bbox 1856 2978 3497 3055">
    <p class='ocr_par' dir='ltr' id='par_1_58' title="bbox 1856 2978 3497 3055">
     <span class='ocr_line' id='line_1_58' title="bbox 1856 2978 3497 3055; baseline 0.007 -31"><span class='ocrx_word' id='word_1_397' title='bbox 1856 2980 2111 3027; x_wconf 87' lang='lat' dir='ltr'><strong>versatur</strong></span> <span class='ocrx_word' id='word_1_398' title='bbox 2153 2989 2219 3029; x_wconf 90' lang='lat' dir='ltr'><strong>ea</strong></span> <span class='ocrx_word' id='word_1_399' title='bbox 2248 2990 2426 3040; x_wconf 92' lang='lat' dir='ltr'><strong>mens,</strong></span> <span class='ocrx_word' id='word_1_400' title='bbox 2487 2992 2611 3046; x_wconf 73' lang='lat' dir='ltr'><strong>qua:</strong></span> <span class='ocrx_word' id='word_1_401' title='bbox 2668 2978 3006 3048; x_wconf 89' lang='lat' dir='ltr'><strong>importunis</strong></span> <span class='ocrx_word' id='word_1_402' title='bbox 3052 2982 3443 3051; x_wconf 89' lang='lat' dir='ltr'><strong>interpellatur</strong></span> <span class='ocrx_word' id='word_1_403' title='bbox 3492 3048 3497 3055; x_wconf 23' lang='lat'><strong><em>~</em></strong></span> 
     </span>
    </p>
   </div>
   <div class='ocr_carea' id='block_1_59' title="bbox 1856 3064 3442 3143">
    <p class='ocr_par' dir='ltr' id='par_1_59' title="bbox 1856 3064 3442 3143">
     <span class='ocr_line' id='line_1_59' title="bbox 1856 3064 3442 3143; baseline 0.006 -24"><span class='ocrx_word' id='word_1_404' title='bbox 1856 3064 2327 3135; x_wconf 78' lang='lat' dir='ltr'><strong>cogitationibus:</strong></span> <span class='ocrx_word' id='word_1_405' title='bbox 2367 3069 2422 3122; x_wconf 93' lang='lat' dir='ltr'><strong>in</strong></span> <span class='ocrx_word' id='word_1_406' title='bbox 2470 3070 2677 3139; x_wconf 89' lang='lat' dir='ltr'><strong>templo</strong></span> <span class='ocrx_word' id='word_1_407' title='bbox 2711 3085 2864 3136; x_wconf 86' lang='lat' dir='ltr'><strong>vero,</strong></span> <span class='ocrx_word' id='word_1_408' title='bbox 2910 3088 3033 3142; x_wconf 72' lang='lat' dir='ltr'><strong>qua:</strong></span> <span class='ocrx_word' id='word_1_409' title='bbox 3070 3075 3442 3143; x_wconf 81' lang='lat' dir='ltr'><strong>opportunis:</strong></span> 
     </span>
    </p>
   </div>
   <div class='ocr_carea' id='block_1_60' title="bbox 167 3156 1759 3254">
    <p class='ocr_par' dir='ltr' id='par_1_60' title="bbox 167 3164 1755 3237">
     <span class='ocr_line' id='line_1_60' title="bbox 167 3164 1755 3237; baseline 0.003 -21"><span class='ocrx_word' id='word_1_410' title='bbox 167 3165 259 3216; x_wconf 78' lang='grc' dir='ltr'>ἐπ’</span> <span class='ocrx_word' id='word_1_411' title='bbox 294 3165 471 3218; x_wconf 75' lang='grc' dir='ltr'>οὐδενὶ</span> <span class='ocrx_word' id='word_1_412' title='bbox 496 3165 555 3217; x_wconf 86' lang='grc' dir='ltr'><strong>δέ</strong></span> <span class='ocrx_word' id='word_1_413' title='bbox 573 3164 800 3228; x_wconf 79' lang='grc' dir='ltr'>τούτων,</span> <span class='ocrx_word' id='word_1_414' title='bbox 836 3166 864 3216; x_wconf 87' lang='grc' dir='ltr'>ὁ</span> <span class='ocrx_word' id='word_1_415' title='bbox 896 3166 975 3227; x_wconf 85' lang='grc' dir='ltr'><strong>είς</strong></span> <span class='ocrx_word' id='word_1_416' title='bbox 1008 3165 1070 3218; x_wconf 86' lang='grc' dir='ltr'><strong>τὸ</strong></span> <span class='ocrx_word' id='word_1_417' title='bbox 1104 3164 1250 3219; x_wconf 88' lang='grc' dir='ltr'>θεῖον</span> <span class='ocrx_word' id='word_1_418' title='bbox 1289 3166 1555 3237; x_wconf 82' lang='grc' dir='ltr'>ίερατεῖον</span> <span class='ocrx_word' id='word_1_419' title='bbox 1591 3166 1755 3231; x_wconf 82' lang='grc' dir='ltr'>ἀξιω-</span> 
     </span>
    </p>
   </div>
   <div class='ocr_carea' id='block_1_61' title="bbox 1861 3156 3444 3254">
    <p class='ocr_par' dir='ltr' id='par_1_61' title="bbox 1862 3156 3444 3229">
     <span class='ocr_line' id='line_1_61' title="bbox 1862 3156 3444 3229; baseline 0.008 -20"><span class='ocrx_word' id='word_1_420' title='bbox 1862 3156 1918 3210; x_wconf 95' lang='lat' dir='ltr'><strong>in</strong></span> <span class='ocrx_word' id='word_1_421' title='bbox 1949 3165 2150 3213; x_wconf 87' lang='lat' dir='ltr'><strong>neutro</strong></span> <span class='ocrx_word' id='word_1_422' title='bbox 2179 3170 2387 3227; x_wconf 91' lang='lat' dir='ltr'><strong>autem,</strong></span> <span class='ocrx_word' id='word_1_423' title='bbox 2416 3159 2512 3229; x_wconf 90' lang='lat' dir='ltr'><strong>qui</strong></span> <span class='ocrx_word' id='word_1_424' title='bbox 2544 3159 2868 3217; x_wconf 88' lang='lat' dir='ltr'><strong>indivinum</strong></span> <span class='ocrx_word' id='word_1_425' title='bbox 2895 3164 3200 3219; x_wconf 84' lang='lat' dir='ltr'><strong>sacrarium</strong></span> <span class='ocrx_word' id='word_1_426' title='bbox 3232 3166 3444 3223; x_wconf 83' lang='lat' dir='ltr'><strong>intrare</strong></span> 
     </span>
    </p>
   </div>
   <div class='ocr_carea' id='block_1_62' title="bbox 167 3257 599 3321">
    <p class='ocr_par' dir='ltr' id='par_1_62' title="bbox 167 3257 599 3321">
     <span class='ocr_line' id='line_1_62' title="bbox 167 3257 599 3321; baseline 0 -10"><span class='ocrx_word' id='word_1_427' title='bbox 167 3257 293 3321; x_wconf 70' lang='grc' dir='ltr'>Οεὶς</span> <span class='ocrx_word' id='word_1_428' title='bbox 319 3257 599 3311; x_wconf 76' lang='grc' dir='ltr'>εἰσελθεῖν.</span> 
     </span>
    </p>
   </div>
   <div class='ocr_carea' id='block_1_63' title="bbox 244 3346 1758 3425">
    <p class='ocr_par' dir='ltr' id='par_1_63' title="bbox 244 3346 1758 3425">
     <span class='ocr_line' id='line_1_63' title="bbox 244 3346 1758 3425; baseline -0.01 -24"><span class='ocrx_word' id='word_1_429' title='bbox 244 3346 381 3418; x_wconf 84' lang='grc' dir='ltr'>ρνθ’.</span> <span class='ocrx_word' id='word_1_430' title='bbox 410 3347 619 3416; x_wconf 82' lang='grc' dir='ltr'>Θρῆνος</span> <span class='ocrx_word' id='word_1_431' title='bbox 651 3347 748 3416; x_wconf 81' lang='grc' dir='ltr'>μὲν</span> <span class='ocrx_word' id='word_1_432' title='bbox 774 3348 865 3399; x_wconf 73' lang='grc' dir='ltr'><strong>καὶ</strong></span> <span class='ocrx_word' id='word_1_433' title='bbox 898 3347 1059 3417; x_wconf 80' lang='grc' dir='ltr'>μέλος</span> <span class='ocrx_word' id='word_1_434' title='bbox 1097 3348 1190 3400; x_wconf 77' lang='grc' dir='ltr'><strong>καὶ</strong></span> <span class='ocrx_word' id='word_1_435' title='bbox 1229 3349 1375 3413; x_wconf 73' lang='grc' dir='ltr'>οὐαὶ,</span> <span class='ocrx_word' id='word_1_436' title='bbox 1409 3351 1467 3401; x_wconf 86' lang='grc' dir='ltr'><strong>ἐν</strong></span> <span class='ocrx_word' id='word_1_437' title='bbox 1496 3350 1629 3425; x_wconf 69' lang='grc' dir='ltr'>οἴκῳ</span> <span class='ocrx_word' id='word_1_438' title='bbox 1658 3349 1758 3417; x_wconf 71' lang='grc' dir='ltr'><strong>τῆς</strong></span> 
     </span>
    </p>
   </div>
   <div class='ocr_carea' id='block_1_64' title="bbox 170 3428 1754 3511">
    <p class='ocr_par' dir='ltr' id='par_1_64' title="bbox 170 3428 1754 3511">
     <span class='ocr_line' id='line_1_64' title="bbox 170 3428 1754 3511; baseline 0.001 -21"><span class='ocrx_word' id='word_1_439' title='bbox 170 3440 492 3510; x_wconf 79' lang='grc' dir='ltr'>πρακτικῆς</span> <span class='ocrx_word' id='word_1_440' title='bbox 526 3438 729 3508; x_wconf 75' lang='grc' dir='ltr'>ψυχῆς,</span> <span class='ocrx_word' id='word_1_441' title='bbox 758 3437 848 3491; x_wconf 77' lang='grc' dir='ltr'><strong>διὰ</strong></span> <span class='ocrx_word' id='word_1_442' title='bbox 874 3439 968 3491; x_wconf 67' lang='grc' dir='ltr'>τὸν</span> <span class='ocrx_word' id='word_1_443' title='bbox 998 3439 1172 3493; x_wconf 82' lang='grc' dir='ltr'>κόπον</span> <span class='ocrx_word' id='word_1_444' title='bbox 1222 3428 1538 3511; x_wconf 78' lang='grc' dir='ltr'>εὑρίσκεται</span> <span class='ocrx_word' id='word_1_445' title='bbox 1558 3456 1573 3471; x_wconf 78' lang='grc' dir='ltr'><strong><em>ο</em></strong></span> <span class='ocrx_word' id='word_1_446' title='bbox 1603 3440 1754 3509; x_wconf 78' lang='grc' dir='ltr'>φωνὴ</span> 
     </span>
    </p>
   </div>
   <div class='ocr_carea' id='block_1_65' title="bbox 165 3531 1754 3604">
    <p class='ocr_par' dir='ltr' id='par_1_65' title="bbox 165 3531 1754 3604">
     <span class='ocr_line' id='line_1_65' title="bbox 165 3531 1754 3604; baseline -0.001 -17"><span class='ocrx_word' id='word_1_447' title='bbox 165 3535 227 3587; x_wconf 80' lang='grc' dir='ltr'><strong>δὲ</strong></span> <span class='ocrx_word' id='word_1_448' title='bbox 256 3532 636 3601; x_wconf 76' lang='grc' dir='ltr'>ἀγαλλιάσεως</span> <span class='ocrx_word' id='word_1_449' title='bbox 675 3534 772 3585; x_wconf 79' lang='grc' dir='ltr'><strong>καὶ</strong></span> <span class='ocrx_word' id='word_1_450' title='bbox 806 3531 1275 3603; x_wconf 76' lang='grc' dir='ltr'>ἐξομολογήσεως,</span> <span class='ocrx_word' id='word_1_451' title='bbox 1306 3533 1396 3588; x_wconf 71' lang='grc' dir='ltr'>διὰ</span> <span class='ocrx_word' id='word_1_452' title='bbox 1422 3533 1522 3604; x_wconf 80' lang='grc' dir='ltr'>τὴν</span> <span class='ocrx_word' id='word_1_453' title='bbox 1552 3536 1754 3601; x_wconf 75' lang='grc' dir='ltr'>γνῶσιν</span> 
     </span>
    </p>
   </div>
   <div class='ocr_carea' id='block_1_66' title="bbox 178 3622 1256 3695">
    <p class='ocr_par' dir='ltr' id='par_1_66' title="bbox 178 3622 1256 3695">
     <span class='ocr_line' id='line_1_66' title="bbox 178 3622 1256 3695; baseline 0 -16"><span class='ocrx_word' id='word_1_454' title='bbox 178 3627 208 3680; x_wconf 89' lang='grc' dir='ltr'>δ</span> <span class='ocrx_word' id='word_1_455' title='bbox 232 3624 271 3678; x_wconf 81' lang='grc' dir='ltr'><strong><em>ἁ</em></strong></span> <span class='ocrx_word' id='word_1_456' title='bbox 291 3624 383 3677; x_wconf 82' lang='grc' dir='ltr'><strong>τὸν</strong></span> <span class='ocrx_word' id='word_1_457' title='bbox 410 3622 510 3694; x_wconf 85' lang='grc' dir='ltr'><strong>τῆς</strong></span> <span class='ocrx_word' id='word_1_458' title='bbox 535 3624 877 3695; x_wconf 77' lang='grc' dir='ltr'>θεωρητικῆς</span> <span class='ocrx_word' id='word_1_459' title='bbox 910 3622 1256 3689; x_wconf 79' lang='grc' dir='ltr'>ἐξακούεται.</span> 
     </span>
    </p>
   </div>
   <div class='ocr_carea' id='block_1_67' title="bbox 248 3802 1754 3877">
    <p class='ocr_par' dir='ltr' id='par_1_67' title="bbox 248 3802 1754 3877">
     <span class='ocr_line' id='line_1_67' title="bbox 248 3802 1754 3877; baseline -0.002 -18"><span class='ocrx_word' id='word_1_460' title='bbox 248 3806 346 3877; x_wconf 80' lang='grc' dir='ltr'>ρξ’.</span> <span class='ocrx_word' id='word_1_461' title='bbox 388 3805 698 3877; x_wconf 81' lang='grc' dir='ltr'>Πρακτικὺς</span> <span class='ocrx_word' id='word_1_462' title='bbox 737 3805 855 3876; x_wconf 82' lang='grc' dir='ltr'>μὲν,</span> <span class='ocrx_word' id='word_1_463' title='bbox 891 3804 1154 3874; x_wconf 85' lang='grc' dir='ltr'>ἐπιθυμεῖ</span> <span class='ocrx_word' id='word_1_464' title='bbox 1187 3802 1475 3868; x_wconf 81' lang='grc' dir='ltr'>ἀναλῦσαι,</span> <span class='ocrx_word' id='word_1_465' title='bbox 1506 3803 1593 3857; x_wconf 67' lang='grc' dir='ltr'>διὰ</span> <span class='ocrx_word' id='word_1_466' title='bbox 1628 3804 1754 3866; x_wconf 76' lang='grc' dir='ltr'>τοὺς</span> 
     </span>
    </p>
   </div>
   <div class='ocr_carea' id='block_1_68' title="bbox 170 3897 1751 3969">
    <p class='ocr_par' dir='ltr' id='par_1_68' title="bbox 170 3897 1751 3969">
     <span class='ocr_line' id='line_1_68' title="bbox 170 3897 1751 3969; baseline -0.004 -14"><span class='ocrx_word' id='word_1_467' title='bbox 170 3902 393 3963; x_wconf 79' lang='grc' dir='ltr'>πόνους,</span> <span class='ocrx_word' id='word_1_468' title='bbox 436 3899 531 3953; x_wconf 76' lang='grc' dir='ltr'>καὶ</span> <span class='ocrx_word' id='word_1_469' title='bbox 585 3899 940 3968; x_wconf 78' lang='grc' dir='ltr'>συγγενέσθαι</span> <span class='ocrx_word' id='word_1_470' title='bbox 996 3897 1247 3969; x_wconf 84' lang='grc' dir='ltr'>Χριστῷ·</span> <span class='ocrx_word' id='word_1_471' title='bbox 1292 3897 1625 3969; x_wconf 83' lang='grc' dir='ltr'>θεωρητικὸς</span> <span class='ocrx_word' id='word_1_472' title='bbox 1674 3897 1751 3962; x_wconf 83' lang='grc' dir='ltr'><strong>δὲ,</strong></span> 
     </span>
    </p>
   </div>
   <div class='ocr_carea' id='block_1_69' title="bbox 169 3991 1753 4063">
    <p class='ocr_par' dir='ltr' id='par_1_69' title="bbox 169 3991 1753 4063">
     <span class='ocr_line' id='line_1_69' title="bbox 169 3991 1753 4063; baseline -0.004 -14"><span class='ocrx_word' id='word_1_473' title='bbox 169 3996 389 4049; x_wconf 85' lang='grc' dir='ltr'>εὐδοκεῖ</span> <span class='ocrx_word' id='word_1_474' title='bbox 428 3993 628 4063; x_wconf 81' lang='grc' dir='ltr'>μᾶλλον</span> <span class='ocrx_word' id='word_1_475' title='bbox 672 3993 839 4062; x_wconf 77' lang='grc' dir='ltr'>σαρκὶ</span> <span class='ocrx_word' id='word_1_476' title='bbox 888 3992 1229 4063; x_wconf 85' lang='grc' dir='ltr'>παραμένειν</span> <span class='ocrx_word' id='word_1_477' title='bbox 1264 3991 1340 4062; x_wconf 86' lang='lat' dir='ltr'><strong>(d)</strong></span> <span class='ocrx_word' id='word_1_478' title='bbox 1362 4008 1374 4019; x_wconf 90' lang='grc'><strong>·</strong></span> <span class='ocrx_word' id='word_1_479' title='bbox 1405 3992 1498 4044; x_wconf 80' lang='grc' dir='ltr'><strong>καὶ</strong></span> <span class='ocrx_word' id='word_1_480' title='bbox 1532 3991 1621 4045; x_wconf 80' lang='grc' dir='ltr'><strong>διὰ</strong></span> <span class='ocrx_word' id='word_1_481' title='bbox 1656 3993 1753 4063; x_wconf 82' lang='grc' dir='ltr'><strong>τὴν</strong></span> 
     </span>
    </p>
   </div>
   <div class='ocr_carea' id='block_1_70' title="bbox 166 4083 1751 4158">
    <p class='ocr_par' dir='ltr' id='par_1_70' title="bbox 166 4083 1751 4158">
     <span class='ocr_line' id='line_1_70' title="bbox 166 4083 1751 4158; baseline -0.001 -17"><span class='ocrx_word' id='word_1_482' title='bbox 166 4086 370 4158; x_wconf 81' lang='grc' dir='ltr'>χαρὰν,</span> <span class='ocrx_word' id='word_1_483' title='bbox 398 4088 465 4157; x_wconf 83' lang='grc' dir='ltr'>ἣν</span> <span class='ocrx_word' id='word_1_484' title='bbox 495 4085 709 4156; x_wconf 82' lang='grc' dir='ltr'>δέχεται</span> <span class='ocrx_word' id='word_1_485' title='bbox 747 4083 806 4148; x_wconf 81' lang='grc' dir='ltr'><strong>ἐξ</strong></span> <span class='ocrx_word' id='word_1_486' title='bbox 831 4086 1017 4155; x_wconf 79' lang='grc' dir='ltr'>εὐχῆς,</span> <span class='ocrx_word' id='word_1_487' title='bbox 1066 4084 1161 4138; x_wconf 74' lang='grc' dir='ltr'><strong>καὶ</strong></span> <span class='ocrx_word' id='word_1_488' title='bbox 1203 4084 1292 4139; x_wconf 83' lang='grc' dir='ltr'><strong>διὰ</strong></span> <span class='ocrx_word' id='word_1_489' title='bbox 1334 4085 1435 4155; x_wconf 79' lang='grc' dir='ltr'>τὴν</span> <span class='ocrx_word' id='word_1_490' title='bbox 1466 4086 1560 4140; x_wconf 86' lang='grc' dir='ltr'><strong>τοῦ</strong></span> <span class='ocrx_word' id='word_1_491' title='bbox 1611 4086 1751 4156; x_wconf 85' lang='grc' dir='ltr'>πλη-</span> 
     </span>
    </p>
   </div>
   <div class='ocr_carea' id='block_1_71' title="bbox 168 4178 1291 4249">
    <p class='ocr_par' dir='ltr' id='par_1_71' title="bbox 168 4178 1291 4249">
     <span class='ocr_line' id='line_1_71' title="bbox 168 4178 1291 4249; baseline -0.004 -16"><span class='ocrx_word' id='word_1_492' title='bbox 168 4181 289 4233; x_wconf 82' lang='grc' dir='ltr'>σίον</span> <span class='ocrx_word' id='word_1_493' title='bbox 320 4180 455 4249; x_wconf 75' lang='grc' dir='ltr'>πρὸς</span> <span class='ocrx_word' id='word_1_494' title='bbox 483 4178 551 4232; x_wconf 80' lang='grc' dir='ltr'>τὰ</span> <span class='ocrx_word' id='word_1_495' title='bbox 572 4180 735 4249; x_wconf 78' lang='grc' dir='ltr'>γήϊνα</span> <span class='ocrx_word' id='word_1_496' title='bbox 763 4178 1049 4246; x_wconf 74' lang='grc' dir='ltr'>ὠφέλειαν.</span> <span class='ocrx_word' id='word_1_497' title='bbox 1288 4210 1291 4213; x_wconf 59' lang='grc' dir='ltr'><strong>η</strong></span> 
     </span>
    </p>
   </div>
   <div class='ocr_carea' id='block_1_72' title="bbox 246 4356 1749 4432">
    <p class='ocr_par' dir='ltr' id='par_1_72' title="bbox 246 4356 1749 4432">
     <span class='ocr_line' id='line_1_72' title="bbox 246 4356 1749 4432; baseline -0.011 -16"><span class='ocrx_word' id='word_1_498' title='bbox 246 4361 384 4432; x_wconf 69' lang='grc' dir='ltr'>ρξαν.</span> <span class='ocrx_word' id='word_1_499' title='bbox 430 4358 556 4411; x_wconf 79' lang='grc' dir='ltr'><strong>Ἐπὶ</strong></span> <span class='ocrx_word' id='word_1_500' title='bbox 604 4358 703 4421; x_wconf 81' lang='grc' dir='ltr'><strong>μὲν</strong></span> <span class='ocrx_word' id='word_1_501' title='bbox 729 4356 838 4410; x_wconf 84' lang='grc' dir='ltr'>τῶν</span> <span class='ocrx_word' id='word_1_502' title='bbox 885 4356 1251 4428; x_wconf 87' lang='grc' dir='ltr'>λογιωτέρων,</span> <span class='ocrx_word' id='word_1_503' title='bbox 1285 4359 1317 4428; x_wconf 81' lang='grc' dir='ltr'>ἡ</span> <span class='ocrx_word' id='word_1_504' title='bbox 1349 4356 1554 4429; x_wconf 82' lang='grc' dir='ltr'>θεωρία</span> <span class='ocrx_word' id='word_1_505' title='bbox 1613 4376 1749 4430; x_wconf 83' lang='grc' dir='ltr'>προ-</span> 
     </span>
    </p>
   </div>
   <div class='ocr_carea' id='block_1_73' title="bbox 163 4447 1749 4521">
    <p class='ocr_par' dir='ltr' id='par_1_73' title="bbox 163 4447 1749 4521">
     <span class='ocr_line' id='line_1_73' title="bbox 163 4447 1749 4521; baseline -0.001 -17"><span class='ocrx_word' id='word_1_506' title='bbox 163 4454 389 4521; x_wconf 84' lang='grc' dir='ltr'>ηγείται</span> <span class='ocrx_word' id='word_1_507' title='bbox 417 4450 517 4519; x_wconf 84' lang='grc' dir='ltr'><strong>τῆς</strong></span> <span class='ocrx_word' id='word_1_508' title='bbox 546 4448 799 4521; x_wconf 81' lang='grc' dir='ltr'>πράξεως</span> <span class='ocrx_word' id='word_1_509' title='bbox 818 4464 831 4480; x_wconf 85' lang='lat'><strong><em>°</em></strong></span> <span class='ocrx_word' id='word_1_510' title='bbox 862 4448 954 4500; x_wconf 78' lang='grc' dir='ltr'><strong>ἐπὶ</strong></span> <span class='ocrx_word' id='word_1_511' title='bbox 982 4447 1038 4501; x_wconf 79' lang='grc' dir='ltr'><strong>δὲ</strong></span> <span class='ocrx_word' id='word_1_512' title='bbox 1067 4447 1175 4500; x_wconf 84' lang='grc' dir='ltr'>τῶν</span> <span class='ocrx_word' id='word_1_513' title='bbox 1196 4448 1621 4521; x_wconf 80' lang='grc' dir='ltr'>ἀγροικοτέρων,</span> <span class='ocrx_word' id='word_1_514' title='bbox 1651 4451 1749 4521; x_wconf 84' lang='grc' dir='ltr'><strong>τῆς</strong></span> 
     </span>
    </p>
   </div>
   <div class='ocr_carea' id='block_1_74' title="bbox 1861 3250 2082 3304">
    <p class='ocr_par' dir='ltr' id='par_1_74' title="bbox 1861 3250 2082 3304">
     <span class='ocr_line' id='line_1_74' title="bbox 1861 3250 2082 3304; baseline 0.005 -2"><span class='ocrx_word' id='word_1_515' title='bbox 1861 3250 2082 3304; x_wconf 86' lang='lat' dir='ltr'><strong>meruit.</strong></span> 
     </span>
    </p>
   </div>
   <div class='ocr_carea' id='block_1_75' title="bbox 1930 3342 3442 3419">
    <p class='ocr_par' dir='ltr' id='par_1_75' title="bbox 1930 3342 3442 3419">
     <span class='ocr_line' id='line_1_75' title="bbox 1930 3342 3442 3419; baseline 0.007 -24"><span class='ocrx_word' id='word_1_516' title='bbox 1930 3342 2052 3398; x_wconf 73' lang='lat'><strong>159.</strong></span> <span class='ocrx_word' id='word_1_517' title='bbox 2089 3342 2454 3413; x_wconf 86' lang='lat' dir='ltr'><strong>Lamentatio,</strong></span> <span class='ocrx_word' id='word_1_518' title='bbox 2509 3362 2737 3403; x_wconf 85' lang='lat' dir='ltr'><strong>carmen</strong></span> <span class='ocrx_word' id='word_1_519' title='bbox 2772 3358 2829 3402; x_wconf 90' lang='lat' dir='ltr'><strong>et</strong></span> <span class='ocrx_word' id='word_1_520' title='bbox 2875 3364 2979 3413; x_wconf 70' lang='lat' dir='ltr'><strong>vae,</strong></span> <span class='ocrx_word' id='word_1_521' title='bbox 3015 3358 3248 3419; x_wconf 88' lang='lat' dir='ltr'><strong>propter</strong></span> <span class='ocrx_word' id='word_1_522' title='bbox 3286 3350 3442 3406; x_wconf 81' lang='lat' dir='ltr'><strong>labo-</strong></span> 
     </span>
    </p>
   </div>
   <div class='ocr_carea' id='block_1_76' title="bbox 1859 3433 3440 3509">
    <p class='ocr_par' dir='ltr' id='par_1_76' title="bbox 1859 3433 3440 3509">
     <span class='ocr_line' id='line_1_76' title="bbox 1859 3433 3440 3509; baseline 0.006 -23"><span class='ocrx_word' id='word_1_523' title='bbox 1859 3448 1976 3487; x_wconf 86' lang='lat' dir='ltr'><strong>rem</strong></span> <span class='ocrx_word' id='word_1_524' title='bbox 2014 3433 2068 3487; x_wconf 93' lang='lat' dir='ltr'><strong>in</strong></span> <span class='ocrx_word' id='word_1_525' title='bbox 2108 3434 2230 3503; x_wconf 89' lang='lat' dir='ltr'><strong>ejus</strong></span> <span class='ocrx_word' id='word_1_526' title='bbox 2260 3434 2546 3491; x_wconf 90' lang='lat' dir='ltr'><strong>invenitur</strong></span> <span class='ocrx_word' id='word_1_527' title='bbox 2571 3436 2738 3492; x_wconf 90' lang='lat' dir='ltr'><strong>domo</strong></span> <span class='ocrx_word' id='word_1_528' title='bbox 2757 3437 2804 3470; x_wconf 75' lang='lat'><strong>“</strong></span> <span class='ocrx_word' id='word_1_529' title='bbox 2829 3480 2843 3504; x_wconf 95' lang='lat'><strong>,</strong></span> <span class='ocrx_word' id='word_1_530' title='bbox 2894 3440 2989 3509; x_wconf 87' lang='lat' dir='ltr'><strong>qui</strong></span> <span class='ocrx_word' id='word_1_531' title='bbox 3038 3440 3314 3495; x_wconf 86' lang='lat' dir='ltr'><strong>actionem</strong></span> <span class='ocrx_word' id='word_1_532' title='bbox 3346 3457 3440 3497; x_wconf 84' lang='lat' dir='ltr'><strong>eo-</strong></span> 
     </span>
    </p>
   </div>
   <div class='ocr_carea' id='block_1_77' title="bbox 1857 3524 3443 3593">
    <p class='ocr_par' dir='ltr' id='par_1_77' title="bbox 1857 3524 3443 3593">
     <span class='ocr_line' id='line_1_77' title="bbox 1857 3524 3443 3593; baseline 0.006 -16"><span class='ocrx_word' id='word_1_533' title='bbox 1857 3524 1921 3577; x_wconf 91' lang='lat' dir='ltr'><strong>lit</strong></span> <span class='ocrx_word' id='word_1_534' title='bbox 1958 3541 1970 3576; x_wconf 90' lang='lat'><strong>:</strong></span> <span class='ocrx_word' id='word_1_535' title='bbox 2013 3532 2240 3593; x_wconf 91' lang='lat' dir='ltr'><strong>propter</strong></span> <span class='ocrx_word' id='word_1_536' title='bbox 2273 3526 2563 3581; x_wconf 83' lang='lat' dir='ltr'><strong>scientiam</strong></span> <span class='ocrx_word' id='word_1_537' title='bbox 2599 3541 2733 3581; x_wconf 86' lang='lat' dir='ltr'><strong>vero</strong></span> <span class='ocrx_word' id='word_1_538' title='bbox 2766 3543 2876 3581; x_wconf 80' lang='lat' dir='ltr'><strong>vox</strong></span> <span class='ocrx_word' id='word_1_539' title='bbox 2921 3529 3150 3584; x_wconf 87' lang='lat' dir='ltr'><strong>auditur</strong></span> <span class='ocrx_word' id='word_1_540' title='bbox 3197 3532 3443 3585; x_wconf 81' lang='lat' dir='ltr'><strong>exsulta-</strong></span> 
     </span>
    </p>
   </div>
   <div class='ocr_carea' id='block_1_78' title="bbox 1859 3617 3442 3693">
    <p class='ocr_par' dir='ltr' id='par_1_78' title="bbox 1859 3617 3442 3693">
     <span class='ocr_line' id='line_1_78' title="bbox 1859 3617 3442 3693; baseline 0.006 -23"><span class='ocrx_word' id='word_1_541' title='bbox 1859 3617 2027 3671; x_wconf 89' lang='lat' dir='ltr'><strong>tionis</strong></span> <span class='ocrx_word' id='word_1_542' title='bbox 2058 3618 2103 3649; x_wconf 83' lang='lat'><strong>&#39;°</strong></span> <span class='ocrx_word' id='word_1_543' title='bbox 2135 3626 2194 3672; x_wconf 91' lang='lat' dir='ltr'><strong>et</strong></span> <span class='ocrx_word' id='word_1_544' title='bbox 2220 3618 2591 3675; x_wconf 88' lang='lat' dir='ltr'><strong>confessionis</strong></span> <span class='ocrx_word' id='word_1_545' title='bbox 2634 3622 2703 3685; x_wconf 83' lang='grc'>⁸¹,</span> <span class='ocrx_word' id='word_1_546' title='bbox 2741 3621 2794 3676; x_wconf 92' lang='lat' dir='ltr'><strong>in</strong></span> <span class='ocrx_word' id='word_1_547' title='bbox 2824 3622 2944 3692; x_wconf 85' lang='lat' dir='ltr'><strong>ejus</strong></span> <span class='ocrx_word' id='word_1_548' title='bbox 2969 3622 3063 3693; x_wconf 90' lang='lat' dir='ltr'><strong>qui</strong></span> <span class='ocrx_word' id='word_1_549' title='bbox 3093 3621 3279 3678; x_wconf 76' lang='lat' dir='ltr'><strong>studet</strong></span> <span class='ocrx_word' id='word_1_550' title='bbox 3310 3639 3442 3678; x_wconf 88' lang='lat' dir='ltr'><strong>con-</strong></span> 
     </span>
    </p>
   </div>
   <div class='ocr_carea' id='block_1_79' title="bbox 1859 3706 2225 3775">
    <p class='ocr_par' dir='ltr' id='par_1_79' title="bbox 1859 3706 2225 3775">
     <span class='ocr_line' id='line_1_79' title="bbox 1859 3706 2225 3775; baseline 0.008 -16"><span class='ocrx_word' id='word_1_551' title='bbox 1859 3706 2225 3775; x_wconf 89' lang='lat' dir='ltr'><strong>templationi.</strong></span> 
     </span>
    </p>
   </div>
   <div class='ocr_carea' id='block_1_80' title="bbox 1931 3800 3439 3871">
    <p class='ocr_par' dir='ltr' id='par_1_80' title="bbox 1931 3800 3439 3871">
     <span class='ocr_line' id='line_1_80' title="bbox 1931 3800 3439 3871; baseline 0.005 -16"><span class='ocrx_word' id='word_1_552' title='bbox 1931 3801 2052 3855; x_wconf 74' lang='lat'><strong>160.</strong></span> <span class='ocrx_word' id='word_1_553' title='bbox 2088 3800 2193 3867; x_wconf 82' lang='lat' dir='ltr'><strong>Qui</strong></span> <span class='ocrx_word' id='word_1_554' title='bbox 2224 3801 2428 3857; x_wconf 87' lang='lat' dir='ltr'><strong>actioni</strong></span> <span class='ocrx_word' id='word_1_555' title='bbox 2458 3803 2664 3869; x_wconf 89' lang='lat' dir='ltr'><strong>studet,</strong></span> <span class='ocrx_word' id='word_1_556' title='bbox 2701 3805 2953 3860; x_wconf 87' lang='lat' dir='ltr'><strong>laborum</strong></span> <span class='ocrx_word' id='word_1_557' title='bbox 2992 3808 3266 3871; x_wconf 79' lang='lat' dir='ltr'><strong>molestia,</strong></span> <span class='ocrx_word' id='word_1_558' title='bbox 3300 3808 3439 3863; x_wconf 89' lang='lat' dir='ltr'><strong>emi-</strong></span> 
     </span>
    </p>
   </div>
   <div class='ocr_carea' id='block_1_81' title="bbox 1855 3894 3439 3969">
    <p class='ocr_par' dir='ltr' id='par_1_81' title="bbox 1855 3894 3439 3969">
     <span class='ocr_line' id='line_1_81' title="bbox 1855 3894 3439 3969; baseline 0.005 -22"><span class='ocrx_word' id='word_1_559' title='bbox 1855 3910 2015 3965; x_wconf 80' lang='lat' dir='ltr'><strong>grare</strong></span> <span class='ocrx_word' id='word_1_560' title='bbox 2052 3894 2227 3964; x_wconf 91' lang='lat' dir='ltr'><strong>cupit,</strong></span> <span class='ocrx_word' id='word_1_561' title='bbox 2266 3902 2323 3948; x_wconf 90' lang='lat' dir='ltr'><strong>et</strong></span> <span class='ocrx_word' id='word_1_562' title='bbox 2344 3910 2467 3950; x_wconf 89' lang='lat' dir='ltr'><strong>esse</strong></span> <span class='ocrx_word' id='word_1_563' title='bbox 2495 3911 2623 3951; x_wconf 92' lang='lat' dir='ltr'><strong>cum</strong></span> <span class='ocrx_word' id='word_1_564' title='bbox 2644 3896 2870 3955; x_wconf 82' lang='lat' dir='ltr'><strong>Christo</strong></span> <span class='ocrx_word' id='word_1_565' title='bbox 2895 3901 2940 3932; x_wconf 76' lang='grc'><strong>³⁸</strong></span> <span class='ocrx_word' id='word_1_566' title='bbox 2976 3917 2988 3952; x_wconf 91' lang='lat'><strong>:</strong></span> <span class='ocrx_word' id='word_1_567' title='bbox 3023 3900 3118 3969; x_wconf 87' lang='lat' dir='ltr'><strong>qui</strong></span> <span class='ocrx_word' id='word_1_568' title='bbox 3147 3916 3283 3955; x_wconf 81' lang='lat' dir='ltr'><strong>vero</strong></span> <span class='ocrx_word' id='word_1_569' title='bbox 3306 3916 3439 3955; x_wconf 86' lang='lat' dir='ltr'><strong>con-</strong></span> 
     </span>
    </p>
   </div>
   <div class='ocr_carea' id='block_1_82' title="bbox 1856 3986 3439 4060">
    <p class='ocr_par' dir='ltr' id='par_1_82' title="bbox 1856 3986 3439 4060">
     <span class='ocr_line' id='line_1_82' title="bbox 1856 3986 3439 4060; baseline 0.002 -19"><span class='ocrx_word' id='word_1_570' title='bbox 1856 3986 2225 4055; x_wconf 89' lang='lat' dir='ltr'><strong>templationi,</strong></span> <span class='ocrx_word' id='word_1_571' title='bbox 2250 3987 2460 4040; x_wconf 92' lang='lat' dir='ltr'><strong>mavult</strong></span> <span class='ocrx_word' id='word_1_572' title='bbox 2488 3988 2544 4041; x_wconf 94' lang='lat' dir='ltr'><strong>in</strong></span> <span class='ocrx_word' id='word_1_573' title='bbox 2574 4003 2739 4042; x_wconf 88' lang='lat' dir='ltr'><strong>carne</strong></span> <span class='ocrx_word' id='word_1_574' title='bbox 2765 4005 3112 4059; x_wconf 89' lang='lat' dir='ltr'><strong>permanere,</strong></span> <span class='ocrx_word' id='word_1_575' title='bbox 3157 3999 3270 4043; x_wconf 89' lang='lat' dir='ltr'><strong>tum</strong></span> <span class='ocrx_word' id='word_1_576' title='bbox 3308 4005 3439 4060; x_wconf 86' lang='lat' dir='ltr'><strong>pro-</strong></span> 
     </span>
    </p>
   </div>
   <div class='ocr_carea' id='block_1_83' title="bbox 1856 4074 3441 4149">
    <p class='ocr_par' dir='ltr' id='par_1_83' title="bbox 1856 4074 3441 4149">
     <span class='ocr_line' id='line_1_83' title="bbox 1856 4074 3441 4149; baseline 0.002 -17"><span class='ocrx_word' id='word_1_577' title='bbox 1856 4089 1979 4149; x_wconf 82' lang='lat' dir='ltr'><strong>pter</strong></span> <span class='ocrx_word' id='word_1_578' title='bbox 2017 4076 2300 4148; x_wconf 79' lang='lat' dir='ltr'><strong>gaudium,</strong></span> <span class='ocrx_word' id='word_1_579' title='bbox 2347 4078 2496 4147; x_wconf 89' lang='lat' dir='ltr'><strong>quod</strong></span> <span class='ocrx_word' id='word_1_580' title='bbox 2561 4074 2803 4149; x_wconf 83' lang='lat' dir='ltr'><strong>percipit</strong></span> <span class='ocrx_word' id='word_1_581' title='bbox 2862 4096 2927 4134; x_wconf 73' lang='lat' dir='ltr'><strong>ex</strong></span> <span class='ocrx_word' id='word_1_582' title='bbox 2984 4081 3274 4146; x_wconf 88' lang='lat' dir='ltr'><strong>oratione,</strong></span> <span class='ocrx_word' id='word_1_583' title='bbox 3325 4088 3441 4135; x_wconf 91' lang='lat' dir='ltr'><strong>tum</strong></span> 
     </span>
    </p>
   </div>
   <div class='ocr_carea' id='block_1_84' title="bbox 1855 4170 3441 4241">
    <p class='ocr_par' dir='ltr' id='par_1_84' title="bbox 1855 4170 3441 4241">
     <span class='ocr_line' id='line_1_84' title="bbox 1855 4170 3441 4241; baseline 0.002 -17"><span class='ocrx_word' id='word_1_584' title='bbox 1855 4180 2082 4240; x_wconf 88' lang='lat' dir='ltr'><strong>propter</strong></span> <span class='ocrx_word' id='word_1_585' title='bbox 2113 4170 2371 4239; x_wconf 82' lang='lat' dir='ltr'><strong>proximi,</strong></span> <span class='ocrx_word' id='word_1_586' title='bbox 2414 4171 2470 4224; x_wconf 92' lang='lat' dir='ltr'><strong>in</strong></span> <span class='ocrx_word' id='word_1_587' title='bbox 2500 4171 2587 4226; x_wconf 87' lang='lat' dir='ltr'><strong>his</strong></span> <span class='ocrx_word' id='word_1_588' title='bbox 2625 4188 2748 4241; x_wconf 71' lang='lat' dir='ltr'><strong>qua:</strong></span> <span class='ocrx_word' id='word_1_589' title='bbox 2799 4181 3018 4227; x_wconf 88' lang='lat' dir='ltr'><strong>terrena</strong></span> <span class='ocrx_word' id='word_1_590' title='bbox 3067 4182 3234 4236; x_wconf 88' lang='lat' dir='ltr'><strong>sunt,</strong></span> <span class='ocrx_word' id='word_1_591' title='bbox 3292 4173 3441 4227; x_wconf 86' lang='lat' dir='ltr'><strong>utili-</strong></span> 
     </span>
    </p>
   </div>
   <div class='ocr_carea' id='block_1_85' title="bbox 1855 4271 2549 4318">
    <p class='ocr_par' dir='ltr' id='par_1_85' title="bbox 1855 4271 2549 4318">
     <span class='ocr_line' id='line_1_85' title="bbox 1855 4271 2549 4318; baseline -0.007 0"><span class='ocrx_word' id='word_1_592' title='bbox 1855 4271 1906 4318; x_wconf 87' lang='lat' dir='ltr'><strong>ta</strong></span> <span class='ocrx_word' id='word_1_593' title='bbox 1914 4273 2021 4317; x_wconf 89' lang='lat' dir='ltr'><strong>tem</strong></span> <span class='ocrx_word' id='word_1_594' title='bbox 2030 4304 2043 4317; x_wconf 89' lang='lat'><strong>.</strong></span> <span class='ocrx_word' id='word_1_595' title='bbox 2548 4276 2549 4279; x_wconf 62' lang='grc'><em>“</em></span> 
     </span>
    </p>
   </div>
   <div class='ocr_carea' id='block_1_86' title="bbox 1929 4354 3438 4428">
    <p class='ocr_par' dir='ltr' id='par_1_86' title="bbox 1929 4354 3438 4428">
     <span class='ocr_line' id='line_1_86' title="bbox 1929 4354 3438 4428; baseline 0.003 -18"><span class='ocrx_word' id='word_1_596' title='bbox 1929 4356 2048 4410; x_wconf 82' lang='grc'><strong>161.</strong></span> <span class='ocrx_word' id='word_1_597' title='bbox 2080 4355 2141 4410; x_wconf 87' lang='grc' dir='ltr'><strong>ιιι</strong></span> <span class='ocrx_word' id='word_1_598' title='bbox 2184 4355 2253 4410; x_wconf 91' lang='lat' dir='ltr'><strong>iis</strong></span> <span class='ocrx_word' id='word_1_599' title='bbox 2284 4354 2509 4425; x_wconf 91' lang='lat' dir='ltr'><strong>quidem</strong></span> <span class='ocrx_word' id='word_1_600' title='bbox 2542 4356 2637 4425; x_wconf 88' lang='lat' dir='ltr'><strong>qui</strong></span> <span class='ocrx_word' id='word_1_601' title='bbox 2681 4356 3025 4412; x_wconf 88' lang='lat' dir='ltr'><strong>eruditiores</strong></span> <span class='ocrx_word' id='word_1_602' title='bbox 3051 4398 3065 4419; x_wconf 90' lang='lat'><strong>,</strong></span> <span class='ocrx_word' id='word_1_603' title='bbox 3113 4360 3438 4428; x_wconf 89' lang='lat' dir='ltr'><strong>majorequc</strong></span> 
     </span>
    </p>
   </div>
   <div class='ocr_carea' id='block_1_87' title="bbox 1852 4448 3434 4520">
    <p class='ocr_par' dir='ltr' id='par_1_87' title="bbox 1852 4448 3434 4520">
     <span class='ocr_line' id='line_1_87' title="bbox 1852 4448 3434 4520; baseline 0.001 -16"><span class='ocrx_word' id='word_1_604' title='bbox 1852 4449 2069 4518; x_wconf 64' lang='grc' dir='ltr'>βιαιόίιὶ</span> <span class='ocrx_word' id='word_1_605' title='bbox 2104 4448 2377 4518; x_wconf 89' lang='lat' dir='ltr'><strong>sapientia</strong></span> <span class='ocrx_word' id='word_1_606' title='bbox 2405 4457 2554 4513; x_wconf 91' lang='lat' dir='ltr'><strong>sunt,</strong></span> <span class='ocrx_word' id='word_1_607' title='bbox 2586 4450 2986 4519; x_wconf 88' lang='lat' dir='ltr'><strong>contemplatio</strong></span> <span class='ocrx_word' id='word_1_608' title='bbox 3012 4452 3172 4520; x_wconf 56' lang='lat' dir='ltr'><strong>prcit</strong></span> <span class='ocrx_word' id='word_1_609' title='bbox 3191 4452 3434 4517; x_wconf 91' lang='lat' dir='ltr'><strong>actioni;</strong></span> 
     </span>
    </p>
   </div>
   <div class='ocr_carea' id='block_1_88' title="bbox 165 4532 1759 4612">
    <p class='ocr_par' dir='ltr' id='par_1_88' title="bbox 165 4536 1749 4611">
     <span class='ocr_line' id='line_1_88' title="bbox 165 4536 1749 4611; baseline -0.007 -17"><span class='ocrx_word' id='word_1_610' title='bbox 165 4541 407 4611; x_wconf 82' lang='grc' dir='ltr'>θεωρίας</span> <span class='ocrx_word' id='word_1_611' title='bbox 431 4542 467 4609; x_wconf 75' lang='grc' dir='ltr'><strong>ἡ</strong></span> <span class='ocrx_word' id='word_1_612' title='bbox 499 4539 697 4609; x_wconf 72' lang='grc' dir='ltr'>πρᾶξις</span> <span class='ocrx_word' id='word_1_613' title='bbox 718 4551 732 4565; x_wconf 85' lang='lat'><strong><em>°</em></strong></span> <span class='ocrx_word' id='word_1_614' title='bbox 768 4539 847 4599; x_wconf 82' lang='grc' dir='ltr'>εἰς</span> <span class='ocrx_word' id='word_1_615' title='bbox 888 4537 945 4590; x_wconf 87' lang='grc' dir='ltr'>ἒν</span> <span class='ocrx_word' id='word_1_616' title='bbox 976 4536 1034 4589; x_wconf 80' lang='grc' dir='ltr'><strong>δὲ</strong></span> <span class='ocrx_word' id='word_1_617' title='bbox 1067 4536 1220 4600; x_wconf 81' lang='grc' dir='ltr'>τέλος</span> <span class='ocrx_word' id='word_1_618' title='bbox 1270 4539 1506 4608; x_wconf 84' lang='grc' dir='ltr'>χρηστὸν</span> <span class='ocrx_word' id='word_1_619' title='bbox 1564 4542 1749 4610; x_wconf 78' lang='grc' dir='ltr'>ἀμφό.</span> 
     </span>
    </p>
   </div>
   <div class='ocr_carea' id='block_1_89' title="bbox 1861 4532 3437 4612">
    <p class='ocr_par' dir='ltr' id='par_1_89' title="bbox 1861 4540 3437 4612">
     <span class='ocr_line' id='line_1_89' title="bbox 1861 4540 3437 4612; baseline 0.002 -16"><span class='ocrx_word' id='word_1_620' title='bbox 1861 4542 1914 4596; x_wconf 91' lang='lat' dir='ltr'><strong>in</strong></span> <span class='ocrx_word' id='word_1_621' title='bbox 1969 4540 2291 4595; x_wconf 84' lang='lat' dir='ltr'><strong>rudioribus</strong></span> <span class='ocrx_word' id='word_1_622' title='bbox 2329 4555 2479 4604; x_wconf 79' lang='lat' dir='ltr'><strong>vero,</strong></span> <span class='ocrx_word' id='word_1_623' title='bbox 2534 4541 2681 4595; x_wconf 86' lang='lat' dir='ltr'><strong>actio</strong></span> <span class='ocrx_word' id='word_1_624' title='bbox 2732 4544 3237 4612; x_wconf 86' lang='lat' dir='ltr'><strong>contemplationi,</strong></span> <span class='ocrx_word' id='word_1_625' title='bbox 3313 4560 3437 4607; x_wconf 86' lang='lat' dir='ltr'><strong>cum</strong></span> 
     </span>
    </p>
   </div>
   <div class='ocr_carea' id='block_1_90' title="bbox 166 4629 1750 4705">
    <p class='ocr_par' dir='ltr' id='par_1_90' title="bbox 166 4629 1750 4705">
     <span class='ocr_line' id='line_1_90' title="bbox 166 4629 1750 4705; baseline 0.001 -18"><span class='ocrx_word' id='word_1_626' title='bbox 166 4651 326 4704; x_wconf 84' lang='grc' dir='ltr'>τεραι</span> <span class='ocrx_word' id='word_1_627' title='bbox 366 4631 754 4701; x_wconf 79' lang='grc' dir='ltr'>καταλήγουσι.</span> <span class='ocrx_word' id='word_1_628' title='bbox 788 4629 1207 4700; x_wconf 86' lang='grc' dir='ltr'>Συντομώτερον</span> <span class='ocrx_word' id='word_1_629' title='bbox 1233 4630 1290 4683; x_wconf 82' lang='grc' dir='ltr'><strong>δὲ</strong></span> <span class='ocrx_word' id='word_1_630' title='bbox 1329 4630 1484 4684; x_wconf 86' lang='grc' dir='ltr'>τοῦτο</span> <span class='ocrx_word' id='word_1_631' title='bbox 1516 4632 1750 4705; x_wconf 65' lang='grc' dir='ltr'>ὀφθήσε-</span> 
     </span>
    </p>
   </div>
   <div class='ocr_carea' id='block_1_91' title="bbox 164 4719 1487 4796">
    <p class='ocr_par' dir='ltr' id='par_1_91' title="bbox 164 4719 1487 4796">
     <span class='ocr_line' id='line_1_91' title="bbox 164 4719 1487 4796; baseline -0.001 -19"><span class='ocrx_word' id='word_1_632' title='bbox 164 4743 285 4792; x_wconf 81' lang='grc' dir='ltr'>ται,</span> <span class='ocrx_word' id='word_1_633' title='bbox 312 4719 396 4787; x_wconf 75' lang='grc' dir='ltr'>οἷς</span> <span class='ocrx_word' id='word_1_634' title='bbox 424 4725 459 4796; x_wconf 75' lang='grc' dir='ltr'><strong>ἡ</strong></span> <span class='ocrx_word' id='word_1_635' title='bbox 491 4723 695 4794; x_wconf 87' lang='grc' dir='ltr'>θεωρία</span> <span class='ocrx_word' id='word_1_636' title='bbox 725 4723 1054 4792; x_wconf 83' lang='grc' dir='ltr'>προηγεῖται</span> <span class='ocrx_word' id='word_1_637' title='bbox 1081 4722 1180 4793; x_wconf 87' lang='grc' dir='ltr'><strong>τῆς</strong></span> <span class='ocrx_word' id='word_1_638' title='bbox 1216 4720 1487 4792; x_wconf 82' lang='grc' dir='ltr'>πράξεως.</span> 
     </span>
    </p>
   </div>
   <div class='ocr_carea' id='block_1_92' title="bbox 1859 4629 3440 4690">
    <p class='ocr_par' dir='ltr' id='par_1_92' title="bbox 1859 4629 3440 4690">
     <span class='ocr_line' id='line_1_92' title="bbox 1859 4629 3440 4690; baseline 0.003 -5"><span class='ocrx_word' id='word_1_639' title='bbox 1859 4632 2032 4685; x_wconf 64' lang='lat' dir='ltr'><strong>amba:</strong></span> <span class='ocrx_word' id='word_1_640' title='bbox 2060 4629 2114 4684; x_wconf 92' lang='lat' dir='ltr'><strong>in</strong></span> <span class='ocrx_word' id='word_1_641' title='bbox 2167 4645 2337 4683; x_wconf 89' lang='lat' dir='ltr'><strong>unum</strong></span> <span class='ocrx_word' id='word_1_642' title='bbox 2376 4631 2584 4684; x_wconf 91' lang='lat' dir='ltr'><strong>bonum</strong></span> <span class='ocrx_word' id='word_1_643' title='bbox 2640 4633 2805 4685; x_wconf 89' lang='lat' dir='ltr'><strong>linem</strong></span> <span class='ocrx_word' id='word_1_644' title='bbox 2854 4632 3131 4688; x_wconf 85' lang='lat' dir='ltr'><strong>desinant.</strong></span> <span class='ocrx_word' id='word_1_645' title='bbox 3187 4633 3440 4690; x_wconf 86' lang='lat' dir='ltr'><strong>Celerius</strong></span> 
     </span>
    </p>
   </div>
   <div class='ocr_carea' id='block_1_93' title="bbox 1858 4722 3441 4798">
    <p class='ocr_par' dir='ltr' id='par_1_93' title="bbox 1858 4722 3441 4798">
     <span class='ocr_line' id='line_1_93' title="bbox 1858 4722 3441 4798; baseline 0.004 -19"><span class='ocrx_word' id='word_1_646' title='bbox 1858 4733 2042 4779; x_wconf 89' lang='lat' dir='ltr'><strong>autem</strong></span> <span class='ocrx_word' id='word_1_647' title='bbox 2094 4722 2243 4777; x_wconf 88' lang='lat' dir='ltr'><strong>istud</strong></span> <span class='ocrx_word' id='word_1_648' title='bbox 2298 4723 2613 4787; x_wconf 83' lang='lat' dir='ltr'><strong>videbitur,</strong></span> <span class='ocrx_word' id='word_1_649' title='bbox 2679 4725 2734 4778; x_wconf 92' lang='lat' dir='ltr'><strong>in</strong></span> <span class='ocrx_word' id='word_1_650' title='bbox 2789 4725 2993 4795; x_wconf 86' lang='lat' dir='ltr'><strong>quibus</strong></span> <span class='ocrx_word' id='word_1_651' title='bbox 3044 4728 3441 4798; x_wconf 86' lang='lat' dir='ltr'><strong>contemplatio</strong></span> 
     </span>
    </p>
   </div>
   <div class='ocr_carea' id='block_1_94' title="bbox 1858 4812 2270 4883">
    <p class='ocr_par' dir='ltr' id='par_1_94' title="bbox 1858 4812 2270 4883">
     <span class='ocr_line' id='line_1_94' title="bbox 1858 4812 2270 4883; baseline -0.005 -16"><span class='ocrx_word' id='word_1_652' title='bbox 1858 4814 2018 4883; x_wconf 64' lang='lat' dir='ltr'><strong>praeit</strong></span> <span class='ocrx_word' id='word_1_653' title='bbox 2042 4812 2270 4867; x_wconf 88' lang='lat' dir='ltr'><strong>actioni.</strong></span> 
     </span>
    </p>
   </div>
   <div class='ocr_carea' id='block_1_95' title="bbox 240 4925 1759 5019">
    <p class='ocr_par' dir='ltr' id='par_1_95' title="bbox 240 4939 1751 5019">
     <span class='ocr_line' id='line_1_95' title="bbox 240 4939 1751 5019; baseline 0.001 -21"><span class='ocrx_word' id='word_1_654' title='bbox 240 4948 287 5019; x_wconf 47' lang='grc' dir='ltr'><strong>ἡ</strong></span> <span class='ocrx_word' id='word_1_655' title='bbox 316 4944 359 4998; x_wconf 90' lang='grc'><strong>11</strong></span> <span class='ocrx_word' id='word_1_656' title='bbox 386 4944 510 5019; x_wconf 72' lang='lat' dir='ltr'><strong>Cor.</strong></span> <span class='ocrx_word' id='word_1_657' title='bbox 540 4958 634 5019; x_wconf 81' lang='lat' dir='ltr'><strong>xu,</strong></span> <span class='ocrx_word' id='word_1_658' title='bbox 666 4944 731 5019; x_wconf 32' lang='lat'><strong>7_.‘</strong></span> <span class='ocrx_word' id='word_1_659' title='bbox 762 4941 839 5019; x_wconf 73' lang='lat'><strong>_“</strong></span> <span class='ocrx_word' id='word_1_660' title='bbox 868 4940 915 5019; x_wconf 76' lang='lat' dir='ltr'><strong>ll</strong></span> <span class='ocrx_word' id='word_1_661' title='bbox 947 4939 1072 4996; x_wconf 87' lang='lat' dir='ltr'><strong>Cor.</strong></span> <span class='ocrx_word' id='word_1_662' title='bbox 1088 4941 1322 5019; x_wconf 35' lang='grc' dir='ltr'><strong>’μιῇ-18,</strong></span> <span class='ocrx_word' id='word_1_663' title='bbox 1391 4942 1435 5019; x_wconf 63' lang='lat' dir='ltr'><strong>f&#39;</strong></span> <span class='ocrx_word' id='word_1_664' title='bbox 1462 4943 1636 4998; x_wconf 82' lang='lat' dir='ltr'><strong>Exod.</strong></span> <span class='ocrx_word' id='word_1_665' title='bbox 1661 4962 1751 5019; x_wconf 75' lang='grc' dir='ltr'>ιιι,</span> 
     </span>
    </p>
   </div>
   <div class='ocr_carea' id='block_1_96' title="bbox 1861 4925 3469 5019">
    <p class='ocr_par' dir='ltr' id='par_1_96' title="bbox 1902 4934 3469 5019">
     <span class='ocr_line' id='line_1_96' title="bbox 1902 4934 3469 5019; baseline 0.006 -23"><span class='ocrx_word' id='word_1_666' title='bbox 1902 4946 2160 5019; x_wconf 49' lang='lat' dir='ltr'><strong>_‘_°_l_\fum.</strong></span> <span class='ocrx_word' id='word_1_667' title='bbox 2194 4944 2367 5019; x_wconf 75' lang='lat' dir='ltr'><strong>xt_,_5.</strong></span> <span class='ocrx_word' id='word_1_668' title='bbox 2445 4946 2487 4976; x_wconf 76' lang='grc'><strong>⁸⁷</strong></span> <span class='ocrx_word' id='word_1_669' title='bbox 2517 4945 2678 4999; x_wconf 78' lang='lat' dir='ltr'><strong>Num.</strong></span> <span class='ocrx_word' id='word_1_670' title='bbox 2712 4962 2820 5012; x_wconf 66' lang='grc' dir='ltr'>χιιι,</span> <span class='ocrx_word' id='word_1_671' title='bbox 2854 4947 2904 4999; x_wconf 86' lang='grc'><strong>5.</strong></span> <span class='ocrx_word' id='word_1_672' title='bbox 2980 4946 3025 4977; x_wconf 75' lang='grc'><strong>⁸⁸</strong></span> <span class='ocrx_word' id='word_1_673' title='bbox 3049 4945 3174 5019; x_wconf 86' lang='lat' dir='ltr'><strong>Sap.</strong></span> <span class='ocrx_word' id='word_1_674' title='bbox 3204 4966 3315 5017; x_wconf 82' lang='lat' dir='ltr'><strong>xvi,</strong></span> <span class='ocrx_word' id='word_1_675' title='bbox 3346 4950 3432 5006; x_wconf 66' lang='lat'><strong>90.</strong></span> <span class='ocrx_word' id='word_1_676' title='bbox 3464 4934 3469 4940; x_wconf 48' lang='grc'><em>’</em></span> 
     </span>
    </p>
   </div>
   <div class='ocr_carea' id='block_1_97' title="bbox 165 5011 1759 5084">
    <p class='ocr_par' dir='ltr' id='par_1_97' title="bbox 165 5011 1736 5082">
     <span class='ocr_line' id='line_1_97' title="bbox 165 5011 1736 5082; baseline 0.014 -32"><span class='ocrx_word' id='word_1_677' title='bbox 165 5021 214 5051; x_wconf 71' lang='grc' dir='ltr'><strong>ιο</strong></span> <span class='ocrx_word' id='word_1_678' title='bbox 246 5016 448 5072; x_wconf 66' lang='grc' dir='ltr'>Ειεειι,</span> <span class='ocrx_word' id='word_1_679' title='bbox 479 5031 535 5082; x_wconf 66' lang='grc' dir='ltr'><strong>ιι,</strong></span> <span class='ocrx_word' id='word_1_680' title='bbox 560 5016 612 5070; x_wconf 78' lang='lat'><strong>9.</strong></span> <span class='ocrx_word' id='word_1_681' title='bbox 690 5014 734 5045; x_wconf 74' lang='grc' dir='ltr'><strong>⁸ο</strong></span> <span class='ocrx_word' id='word_1_682' title='bbox 761 5012 906 5068; x_wconf 89' lang='lat' dir='ltr'><strong>Psal.</strong></span> <span class='ocrx_word' id='word_1_683' title='bbox 940 5028 1047 5074; x_wconf 72' lang='lat' dir='ltr'><strong>xu,</strong></span> <span class='ocrx_word' id='word_1_684' title='bbox 1084 5011 1135 5065; x_wconf 83' lang='lat'><strong>5.</strong></span> <span class='ocrx_word' id='word_1_685' title='bbox 1211 5014 1253 5044; x_wconf 79' lang='grc'><strong>⁵⁸</strong></span> <span class='ocrx_word' id='word_1_686' title='bbox 1287 5012 1430 5068; x_wconf 84' lang='lat' dir='ltr'><strong>Psal.</strong></span> <span class='ocrx_word' id='word_1_687' title='bbox 1462 5030 1623 5082; x_wconf 77' lang='lat' dir='ltr'><strong>cxru,</strong></span> <span class='ocrx_word' id='word_1_688' title='bbox 1656 5017 1736 5072; x_wconf 78' lang='grc'><strong>15.</strong></span> 
     </span>
    </p>
   </div>
   <div class='ocr_carea' id='block_1_98' title="bbox 1861 5011 2337 5084">
    <p class='ocr_par' dir='ltr' id='par_1_98' title="bbox 1902 5015 2337 5084">
     <span class='ocr_line' id='line_1_98' title="bbox 1902 5015 2337 5084; baseline -0.005 -13"><span class='ocrx_word' id='word_1_689' title='bbox 1902 5015 2138 5084; x_wconf 82' lang='lat' dir='ltr'><strong>Philipp.</strong></span> <span class='ocrx_word' id='word_1_690' title='bbox 2178 5032 2214 5076; x_wconf 90' lang='grc' dir='ltr'><strong>ι,</strong></span> <span class='ocrx_word' id='word_1_691' title='bbox 2246 5016 2337 5069; x_wconf 70' lang='lat'><strong>9.3.</strong></span> 
     </span>
    </p>
   </div>
   <div class='ocr_carea' id='block_1_99' title="bbox 246 5126 1738 5199">
    <p class='ocr_par' dir='ltr' id='par_1_99' title="bbox 246 5126 1738 5199">
     <span class='ocr_line' id='line_1_99' title="bbox 246 5126 1738 5199; baseline 0.004 -19"><span class='ocrx_word' id='word_1_692' title='bbox 246 5128 317 5199; x_wconf 77' lang='grc' dir='ltr'><strong>(ε)</strong></span> <span class='ocrx_word' id='word_1_693' title='bbox 363 5126 539 5199; x_wconf 75' lang='grc' dir='ltr'>Μετὰ</span> <span class='ocrx_word' id='word_1_694' title='bbox 582 5126 687 5199; x_wconf 67' lang='grc' dir='ltr'><strong>τοῦ</strong></span> <span class='ocrx_word' id='word_1_695' title='bbox 730 5127 1070 5199; x_wconf 80' lang='grc' dir='ltr'>πνεύματος</span> <span class='ocrx_word' id='word_1_696' title='bbox 1112 5129 1495 5196; x_wconf 75' lang='grc' dir='ltr'>ἡγεμονικοῦ.</span> <span class='ocrx_word' id='word_1_697' title='bbox 1564 5132 1738 5196; x_wconf 74' lang='lat' dir='ltr'><strong>Quem</strong></span> 
     </span>
    </p>
   </div>
   <div class='ocr_carea' id='block_1_100' title="bbox 167 5198 1743 5270">
    <p class='ocr_par' dir='ltr' id='par_1_100' title="bbox 167 5198 1743 5270">
     <span class='ocr_line' id='line_1_100' title="bbox 167 5198 1743 5270; baseline 0.001 -16"><span class='ocrx_word' id='word_1_698' title='bbox 167 5198 441 5270; x_wconf 62' lang='lat' dir='ltr'><strong>maximus</strong></span> <span class='ocrx_word' id='word_1_699' title='bbox 463 5198 719 5270; x_wconf 80' lang='lat' dir='ltr'><strong>spiritum</strong></span> <span class='ocrx_word' id='word_1_700' title='bbox 769 5198 1095 5270; x_wconf 80' lang='grc' dir='ltr'>ἡγεμονικὸν</span> <span class='ocrx_word' id='word_1_701' title='bbox 1146 5199 1237 5253; x_wconf 91' lang='lat' dir='ltr'><strong>hic</strong></span> <span class='ocrx_word' id='word_1_702' title='bbox 1276 5208 1458 5263; x_wconf 89' lang='lat' dir='ltr'><strong>vocat,</strong></span> <span class='ocrx_word' id='word_1_703' title='bbox 1510 5199 1627 5270; x_wconf 88' lang='lat' dir='ltr'><strong>ipse</strong></span> <span class='ocrx_word' id='word_1_704' title='bbox 1659 5212 1743 5256; x_wconf 90' lang='lat' dir='ltr'><strong>est</strong></span> 
     </span>
    </p>
   </div>
   <div class='ocr_carea' id='block_1_101' title="bbox 166 5269 1744 5339">
    <p class='ocr_par' dir='ltr' id='par_1_101' title="bbox 166 5269 1744 5339">
     <span class='ocr_line' id='line_1_101' title="bbox 166 5269 1744 5339; baseline 0.002 -17"><span class='ocrx_word' id='word_1_705' title='bbox 166 5286 338 5339; x_wconf 88' lang='lat' dir='ltr'><strong>quem</strong></span> <span class='ocrx_word' id='word_1_706' title='bbox 360 5269 563 5323; x_wconf 87' lang='lat' dir='ltr'><strong>Paulus</strong></span> <span class='ocrx_word' id='word_1_707' title='bbox 578 5269 787 5339; x_wconf 75' lang='lat' dir='ltr'><strong>Ephes.</strong></span> <span class='ocrx_word' id='word_1_708' title='bbox 809 5284 882 5332; x_wconf 81' lang='lat' dir='ltr'><strong>iv,</strong></span> <span class='ocrx_word' id='word_1_709' title='bbox 910 5269 1001 5331; x_wconf 73' lang='lat'><strong>21,</strong></span> <span class='ocrx_word' id='word_1_710' title='bbox 1025 5270 1269 5338; x_wconf 77' lang='lat' dir='ltr'><strong>spiritum</strong></span> <span class='ocrx_word' id='word_1_711' title='bbox 1302 5270 1397 5322; x_wconf 86' lang='grc' dir='ltr'><strong>τοῦ</strong></span> <span class='ocrx_word' id='word_1_712' title='bbox 1426 5269 1543 5332; x_wconf 74' lang='grc' dir='ltr'>νοὸς</span> <span class='ocrx_word' id='word_1_713' title='bbox 1574 5272 1744 5337; x_wconf 64' lang='lat' dir='ltr'><strong>(meno</strong></span> 
     </span>
    </p>
   </div>
   <div class='ocr_carea' id='block_1_102' title="bbox 171 5338 1741 5411">
    <p class='ocr_par' dir='ltr' id='par_1_102' title="bbox 171 5338 1741 5411">
     <span class='ocr_line' id='line_1_102' title="bbox 171 5338 1741 5411; baseline 0.001 -16"><span class='ocrx_word' id='word_1_714' title='bbox 171 5338 266 5410; x_wconf 73' lang='lat' dir='ltr'><strong>tia)</strong></span> <span class='ocrx_word' id='word_1_715' title='bbox 299 5347 480 5402; x_wconf 86' lang='lat' dir='ltr'><strong>vocat,</strong></span> <span class='ocrx_word' id='word_1_716' title='bbox 499 5348 556 5411; x_wconf 83' lang='lat' dir='ltr'><strong>et</strong></span> <span class='ocrx_word' id='word_1_717' title='bbox 577 5338 835 5411; x_wconf 80' lang='lat' dir='ltr'><strong>hortatur</strong></span> <span class='ocrx_word' id='word_1_718' title='bbox 862 5352 928 5411; x_wconf 83' lang='lat' dir='ltr'><strong>eo</strong></span> <span class='ocrx_word' id='word_1_719' title='bbox 958 5340 1209 5411; x_wconf 84' lang='lat' dir='ltr'><strong>renovari</strong></span> <span class='ocrx_word' id='word_1_720' title='bbox 1232 5356 1246 5403; x_wconf 90' lang='lat'><strong>;</strong></span> <span class='ocrx_word' id='word_1_721' title='bbox 1274 5340 1420 5407; x_wconf 90' lang='lat' dir='ltr'><strong>quod</strong></span> <span class='ocrx_word' id='word_1_722' title='bbox 1448 5356 1603 5393; x_wconf 86' lang='lat' dir='ltr'><strong>mens</strong></span> <span class='ocrx_word' id='word_1_723' title='bbox 1625 5342 1741 5411; x_wconf 88' lang='lat' dir='ltr'><strong>ipsa</strong></span> 
     </span>
    </p>
   </div>
   <div class='ocr_carea' id='block_1_103' title="bbox 166 5408 1742 5479">
    <p class='ocr_par' dir='ltr' id='par_1_103' title="bbox 166 5408 1742 5479">
     <span class='ocr_line' id='line_1_103' title="bbox 166 5408 1742 5479; baseline 0.001 -15"><span class='ocrx_word' id='word_1_724' title='bbox 166 5408 585 5479; x_wconf 75' lang='grc' dir='ltr'>τὺήγεμονικὸν</span> <span class='ocrx_word' id='word_1_725' title='bbox 632 5409 686 5461; x_wconf 93' lang='lat' dir='ltr'><strong>in</strong></span> <span class='ocrx_word' id='word_1_726' title='bbox 729 5408 951 5463; x_wconf 86' lang='lat' dir='ltr'><strong>homine</strong></span> <span class='ocrx_word' id='word_1_727' title='bbox 988 5410 1090 5462; x_wconf 89' lang='lat' dir='ltr'><strong>sit:</strong></span> <span class='ocrx_word' id='word_1_728' title='bbox 1135 5411 1281 5479; x_wconf 89' lang='lat' dir='ltr'><strong>quod</strong></span> <span class='ocrx_word' id='word_1_729' title='bbox 1311 5410 1524 5464; x_wconf 87' lang='lat' dir='ltr'><strong>scilicet</strong></span> <span class='ocrx_word' id='word_1_730' title='bbox 1575 5408 1742 5466; x_wconf 55' lang='lat' dir='ltr'><strong>in&#39;eo</strong></span> 
     </span>
    </p>
   </div>
   <div class='ocr_carea' id='block_1_104' title="bbox 173 5479 1743 5551">
    <p class='ocr_par' dir='ltr' id='par_1_104' title="bbox 173 5479 1743 5551">
     <span class='ocr_line' id='line_1_104' title="bbox 173 5479 1743 5551; baseline 0.002 -17"><span class='ocrx_word' id='word_1_731' title='bbox 173 5480 479 5551; x_wconf 84' lang='lat' dir='ltr'><strong>principale</strong></span> <span class='ocrx_word' id='word_1_732' title='bbox 505 5487 589 5532; x_wconf 89' lang='lat' dir='ltr'><strong>est</strong></span> <span class='ocrx_word' id='word_1_733' title='bbox 604 5479 921 5551; x_wconf 82' lang='lat' dir='ltr'><strong>acimperio</strong></span> <span class='ocrx_word' id='word_1_734' title='bbox 950 5480 1121 5551; x_wconf 85' lang='lat' dir='ltr'><strong>pollet</strong></span> <span class='ocrx_word' id='word_1_735' title='bbox 1148 5498 1159 5531; x_wconf 90' lang='lat'><strong>:</strong></span> <span class='ocrx_word' id='word_1_736' title='bbox 1195 5496 1337 5549; x_wconf 60' lang='lat' dir='ltr'><strong>quat.</strong></span> <span class='ocrx_word' id='word_1_737' title='bbox 1373 5496 1497 5533; x_wconf 91' lang='lat' dir='ltr'><strong>cum</strong></span> <span class='ocrx_word' id='word_1_738' title='bbox 1528 5480 1643 5549; x_wconf 88' lang='lat' dir='ltr'><strong>ipsa</strong></span> <span class='ocrx_word' id='word_1_739' title='bbox 1676 5497 1743 5537; x_wconf 76' lang='lat' dir='ltr'><strong>ex</strong></span> 
     </span>
    </p>
   </div>
   <div class='ocr_carea' id='block_1_105' title="bbox 170 5549 1740 5618">
    <p class='ocr_par' dir='ltr' id='par_1_105' title="bbox 170 5549 1740 5618">
     <span class='ocr_line' id='line_1_105' title="bbox 170 5549 1740 5618; baseline 0 -12"><span class='ocrx_word' id='word_1_740' title='bbox 170 5549 235 5606; x_wconf 63' lang='lat' dir='ltr'><strong>Se</strong></span> <span class='ocrx_word' id='word_1_741' title='bbox 262 5550 368 5604; x_wconf 75' lang='lat' dir='ltr'><strong>ﬁxa</strong></span> <span class='ocrx_word' id='word_1_742' title='bbox 391 5549 463 5603; x_wconf 92' lang='lat' dir='ltr'><strong>sit</strong></span> <span class='ocrx_word' id='word_1_743' title='bbox 503 5549 618 5601; x_wconf 88' lang='lat' dir='ltr'><strong>veri</strong></span> <span class='ocrx_word' id='word_1_744' title='bbox 658 5549 1148 5618; x_wconf 87' lang='lat' dir='ltr'><strong>contemplatione.</strong></span> <span class='ocrx_word' id='word_1_745' title='bbox 1175 5552 1481 5606; x_wconf 86' lang='lat' dir='ltr'><strong>orationem</strong></span> <span class='ocrx_word' id='word_1_746' title='bbox 1521 5566 1587 5604; x_wconf 89' lang='lat' dir='ltr'><strong>ea</strong></span> <span class='ocrx_word' id='word_1_747' title='bbox 1634 5551 1740 5606; x_wconf 90' lang='lat' dir='ltr'><strong>ful-</strong></span> 
     </span>
    </p>
   </div>
   <div class='ocr_carea' id='block_1_106' title="bbox 174 5619 1734 5691">
    <p class='ocr_par' dir='ltr' id='par_1_106' title="bbox 174 5619 1734 5691">
     <span class='ocr_line' id='line_1_106' title="bbox 174 5619 1734 5691; baseline -0.004 -13"><span class='ocrx_word' id='word_1_748' title='bbox 174 5619 977 5691; x_wconf 74' lang='lat' dir='ltr'><strong>ta:n_consta_ntem,uniusque</strong></span> <span class='ocrx_word' id='word_1_749' title='bbox 1035 5620 1265 5674; x_wconf 90' lang='lat' dir='ltr'><strong>rationis</strong></span> <span class='ocrx_word' id='word_1_750' title='bbox 1308 5620 1734 5691; x_wconf 71' lang='grc' dir='ltr'>(;ιονο).ὀγιστον)</span> 
     </span>
    </p>
   </div>
   <div class='ocr_carea' id='block_1_107' title="bbox 128 5689 1734 5759">
    <p class='ocr_par' dir='ltr' id='par_1_107' title="bbox 128 5689 1734 5759">
     <span class='ocr_line' id='line_1_107' title="bbox 128 5689 1734 5759; baseline -0.001 -12"><span class='ocrx_word' id='word_1_751' title='bbox 128 5723 132 5727; x_wconf 82' lang='lat'><strong><em>~</em></strong></span> <span class='ocrx_word' id='word_1_752' title='bbox 171 5689 420 5759; x_wconf 81' lang='lat' dir='ltr'><strong>reddat;</strong></span> <span class='ocrx_word' id='word_1_753' title='bbox 461 5689 520 5742; x_wconf 81' lang='grc' dir='ltr'><strong>τὸ</strong></span> <span class='ocrx_word' id='word_1_754' title='bbox 546 5691 930 5759; x_wconf 77' lang='grc' dir='ltr'>προαιρετικὸν</span> <span class='ocrx_word' id='word_1_755' title='bbox 968 5706 1099 5745; x_wconf 82' lang='lat' dir='ltr'><strong>vero</strong></span> <span class='ocrx_word' id='word_1_756' title='bbox 1152 5692 1325 5755; x_wconf 79' lang='lat' dir='ltr'><strong>(velut</strong></span> <span class='ocrx_word' id='word_1_757' title='bbox 1370 5690 1553 5751; x_wconf 75' lang='lat' dir='ltr'><strong>dicas,</strong></span> <span class='ocrx_word' id='word_1_758' title='bbox 1590 5689 1734 5745; x_wconf 73' lang='lat' dir='ltr'><strong>arbi-</strong></span> 
     </span>
    </p>
   </div>
   <div class='ocr_carea' id='block_1_108' title="bbox 175 5758 1735 5828">
    <p class='ocr_par' dir='ltr' id='par_1_108' title="bbox 175 5758 1735 5828">
     <span class='ocr_line' id='line_1_108' title="bbox 175 5758 1735 5828; baseline 0 -13"><span class='ocrx_word' id='word_1_759' title='bbox 175 5758 427 5826; x_wconf 81' lang='lat' dir='ltr'><strong>trarium)</strong></span> <span class='ocrx_word' id='word_1_760' title='bbox 451 5760 810 5821; x_wconf 87' lang='lat' dir='ltr'><strong>voluntatem,</strong></span> <span class='ocrx_word' id='word_1_761' title='bbox 854 5776 976 5828; x_wconf 66' lang='lat' dir='ltr'><strong>qua:</strong></span> <span class='ocrx_word' id='word_1_762' title='bbox 1011 5777 1107 5828; x_wconf 87' lang='lat' dir='ltr'><strong>pro</strong></span> <span class='ocrx_word' id='word_1_763' title='bbox 1155 5761 1257 5814; x_wconf 91' lang='lat' dir='ltr'><strong>hoc</strong></span> <span class='ocrx_word' id='word_1_764' title='bbox 1280 5772 1420 5815; x_wconf 87' lang='lat' dir='ltr'><strong>statu</strong></span> <span class='ocrx_word' id='word_1_765' title='bbox 1464 5761 1735 5815; x_wconf 71' lang='lat' dir='ltr'><strong>instabilis</strong></span> 
     </span>
    </p>
   </div>
   <div class='ocr_carea' id='block_1_109' title="bbox 174 5831 1734 5904">
    <p class='ocr_par' dir='ltr' id='par_1_109' title="bbox 174 5831 1734 5904">
     <span class='ocr_line' id='line_1_109' title="bbox 174 5831 1734 5904; baseline 0 -17"><span class='ocrx_word' id='word_1_766' title='bbox 174 5835 273 5898; x_wconf 75' lang='lat' dir='ltr'><strong>sit,</strong></span> <span class='ocrx_word' id='word_1_767' title='bbox 304 5846 477 5901; x_wconf 67' lang='lat' dir='ltr'><strong>eique</strong></span> <span class='ocrx_word' id='word_1_768' title='bbox 509 5831 614 5885; x_wconf 86' lang='lat' dir='ltr'><strong>alia</strong></span> <span class='ocrx_word' id='word_1_769' title='bbox 644 5831 699 5885; x_wconf 91' lang='lat' dir='ltr'><strong>in</strong></span> <span class='ocrx_word' id='word_1_770' title='bbox 733 5831 892 5885; x_wconf 87' lang='lat' dir='ltr'><strong>aliam</strong></span> <span class='ocrx_word' id='word_1_771' title='bbox 959 5840 1201 5885; x_wconf 78' lang='lat' dir='ltr'><strong>mutatur</strong></span> <span class='ocrx_word' id='word_1_772' title='bbox 1265 5849 1364 5904; x_wconf 87' lang='lat' dir='ltr'><strong>pro</strong></span> <span class='ocrx_word' id='word_1_773' title='bbox 1416 5848 1600 5885; x_wconf 68' lang='lat' dir='ltr'><strong>rerum</strong></span> <span class='ocrx_word' id='word_1_774' title='bbox 1638 5834 1734 5886; x_wconf 73' lang='lat' dir='ltr'><strong>el.-</strong></span> 
     </span>
    </p>
   </div>
   <div class='ocr_carea' id='block_1_110' title="bbox 1845 5130 3423 5203">
    <p class='ocr_par' dir='ltr' id='par_1_110' title="bbox 1845 5130 3423 5203">
     <span class='ocr_line' id='line_1_110' title="bbox 1845 5130 3423 5203; baseline 0.004 -18"><span class='ocrx_word' id='word_1_775' title='bbox 1845 5134 2117 5203; x_wconf 77' lang='lat' dir='ltr'><strong>jectarum</strong></span> <span class='ocrx_word' id='word_1_776' title='bbox 2174 5146 2238 5187; x_wconf 90' lang='lat' dir='ltr'><strong>ac</strong></span> <span class='ocrx_word' id='word_1_777' title='bbox 2305 5130 2700 5203; x_wconf 83' lang='lat' dir='ltr'><strong>cogitationum</strong></span> <span class='ocrx_word' id='word_1_778' title='bbox 2762 5133 3049 5198; x_wconf 81' lang='lat' dir='ltr'><strong>varietate,</strong></span> <span class='ocrx_word' id='word_1_779' title='bbox 3108 5134 3276 5203; x_wconf 87' lang='lat' dir='ltr'><strong>inque</strong></span> <span class='ocrx_word' id='word_1_780' title='bbox 3331 5148 3423 5191; x_wconf 88' lang='lat' dir='ltr'><strong>cas</strong></span> 
     </span>
    </p>
   </div>
   <div class='ocr_carea' id='block_1_111' title="bbox 1850 5204 2169 5257">
    <p class='ocr_par' dir='ltr' id='par_1_111' title="bbox 1850 5204 2169 5257">
     <span class='ocr_line' id='line_1_111' title="bbox 1850 5204 2169 5257; baseline -0.006 -1"><span class='ocrx_word' id='word_1_781' title='bbox 1850 5204 2169 5257; x_wconf 75' lang='lat' dir='ltr'><strong>affectione.</strong></span> 
     </span>
    </p>
   </div>
   <div class='ocr_carea' id='block_1_112' title="bbox 1929 5270 3434 5343">
    <p class='ocr_par' dir='ltr' id='par_1_112' title="bbox 1929 5270 3434 5343">
     <span class='ocr_line' id='line_1_112' title="bbox 1929 5270 3434 5343; baseline 0.001 -18"><span class='ocrx_word' id='word_1_782' title='bbox 1929 5274 2003 5343; x_wconf 76' lang='grc' dir='ltr'><strong>(ά)</strong></span> <span class='ocrx_word' id='word_1_783' title='bbox 2044 5272 2223 5343; x_wconf 75' lang='grc' dir='ltr'>Σαρκὶ</span> <span class='ocrx_word' id='word_1_784' title='bbox 2249 5270 2647 5343; x_wconf 58' lang='grc' dir='ltr'>παραμένειν.</span> <span class='ocrx_word' id='word_1_785' title='bbox 2682 5270 2871 5327; x_wconf 64' lang='lat' dir='ltr'><strong>Grmca</strong></span> <span class='ocrx_word' id='word_1_786' title='bbox 2889 5272 3129 5343; x_wconf 77' lang='lat' dir='ltr'><strong>vulgata,</strong></span> <span class='ocrx_word' id='word_1_787' title='bbox 3154 5273 3434 5343; x_wconf 79' lang='grc' dir='ltr'>ἐπιμένειν</span> 
     </span>
    </p>
   </div>
   <div class='ocr_carea' id='block_1_113' title="bbox 1851 5340 3436 5413">
    <p class='ocr_par' dir='ltr' id='par_1_113' title="bbox 1851 5340 3436 5413">
     <span class='ocr_line' id='line_1_113' title="bbox 1851 5340 3436 5413; baseline 0.003 -19"><span class='ocrx_word' id='word_1_788' title='bbox 1851 5344 1910 5413; x_wconf 71' lang='grc' dir='ltr'><strong>ἐν</strong></span> <span class='ocrx_word' id='word_1_789' title='bbox 1940 5340 2003 5413; x_wconf 73' lang='grc' dir='ltr'>τῇ</span> <span class='ocrx_word' id='word_1_790' title='bbox 2032 5342 2219 5413; x_wconf 80' lang='grc' dir='ltr'>σαρκί.</span> <span class='ocrx_word' id='word_1_791' title='bbox 2249 5340 2465 5413; x_wconf 79' lang='lat' dir='ltr'><strong>llabent</strong></span> <span class='ocrx_word' id='word_1_792' title='bbox 2492 5352 2682 5413; x_wconf 82' lang='lat' dir='ltr'><strong>tamen</strong></span> <span class='ocrx_word' id='word_1_793' title='bbox 2720 5342 2892 5397; x_wconf 79' lang='lat' dir='ltr'><strong>codex</strong></span> <span class='ocrx_word' id='word_1_794' title='bbox 2938 5340 3342 5397; x_wconf 80' lang='lat' dir='ltr'><strong>Alexandriuus</strong></span> <span class='ocrx_word' id='word_1_795' title='bbox 3379 5355 3436 5399; x_wconf 87' lang='lat' dir='ltr'><strong>et</strong></span> 
     </span>
    </p>
   </div>
   <div class='ocr_carea' id='block_1_114' title="bbox 1851 5401 3434 5483">
    <p class='ocr_par' dir='ltr' id='par_1_114' title="bbox 1851 5401 3434 5483">
     <span class='ocr_line' id='line_1_114' title="bbox 1851 5401 3434 5483; baseline 0.001 -17"><span class='ocrx_word' id='word_1_796' title='bbox 1851 5401 2139 5483; x_wconf 59' lang='lat' dir='ltr'><strong>Chrv&#39;sosi.</strong></span> <span class='ocrx_word' id='word_1_797' title='bbox 2175 5412 2230 5466; x_wconf 93' lang='lat' dir='ltr'><strong>in</strong></span> <span class='ocrx_word' id='word_1_798' title='bbox 2259 5410 2633 5481; x_wconf 80' lang='lat' dir='ltr'><strong>Expositione.</strong></span> <span class='ocrx_word' id='word_1_799' title='bbox 2672 5414 2950 5483; x_wconf 60' lang='grc' dir='ltr'>ἐπιμένειν</span> <span class='ocrx_word' id='word_1_800' title='bbox 3002 5414 3199 5480; x_wconf 83' lang='grc' dir='ltr'>σαρκί,</span> <span class='ocrx_word' id='word_1_801' title='bbox 3228 5415 3434 5483; x_wconf 84' lang='lat' dir='ltr'><strong>absque</strong></span> 
     </span>
    </p>
   </div>
   <div class='ocr_carea' id='block_1_115' title="bbox 1854 5474 3431 5552">
    <p class='ocr_par' dir='ltr' id='par_1_115' title="bbox 1854 5474 3431 5552">
     <span class='ocr_line' id='line_1_115' title="bbox 1854 5474 3431 5552; baseline 0.001 -16"><span class='ocrx_word' id='word_1_802' title='bbox 1854 5474 2259 5552; x_wconf 78' lang='lat' dir='ltr'><strong>propositione,</strong></span> <span class='ocrx_word' id='word_1_803' title='bbox 2289 5474 2412 5550; x_wconf 75' lang='lat' dir='ltr'><strong>qua:</strong></span> <span class='ocrx_word' id='word_1_804' title='bbox 2462 5497 2565 5535; x_wconf 86' lang='lat' dir='ltr'><strong>nec</strong></span> <span class='ocrx_word' id='word_1_805' title='bbox 2619 5474 2916 5535; x_wconf 81' lang='lat' dir='ltr'><strong>admodum</strong></span> <span class='ocrx_word' id='word_1_806' title='bbox 2972 5474 3281 5537; x_wconf 78' lang='lat' dir='ltr'><strong>necessaria</strong></span> <span class='ocrx_word' id='word_1_807' title='bbox 3324 5474 3431 5546; x_wconf 76' lang='lat' dir='ltr'><strong>est,</strong></span> 
     </span>
    </p>
   </div>
   <div class='ocr_carea' id='block_1_116' title="bbox 1851 5551 3433 5622">
    <p class='ocr_par' dir='ltr' id='par_1_116' title="bbox 1851 5551 3433 5622">
     <span class='ocr_line' id='line_1_116' title="bbox 1851 5551 3433 5622; baseline 0.002 -16"><span class='ocrx_word' id='word_1_808' title='bbox 1851 5551 1977 5607; x_wconf 85' lang='lat' dir='ltr'><strong>cum</strong></span> <span class='ocrx_word' id='word_1_809' title='bbox 2015 5554 2134 5621; x_wconf 90' lang='lat' dir='ltr'><strong>ejus</strong></span> <span class='ocrx_word' id='word_1_810' title='bbox 2165 5553 2276 5606; x_wconf 89' lang='lat' dir='ltr'><strong>vim</strong></span> <span class='ocrx_word' id='word_1_811' title='bbox 2319 5551 2516 5607; x_wconf 89' lang='lat' dir='ltr'><strong>habeat</strong></span> <span class='ocrx_word' id='word_1_812' title='bbox 2544 5553 2773 5605; x_wconf 76' lang='lat' dir='ltr'><strong>verbum</strong></span> <span class='ocrx_word' id='word_1_813' title='bbox 2803 5553 3195 5619; x_wconf 86' lang='lat' dir='ltr'><strong>compositum,</strong></span> <span class='ocrx_word' id='word_1_814' title='bbox 3251 5555 3433 5622; x_wconf 86' lang='lat' dir='ltr'><strong>sitque</strong></span> 
     </span>
    </p>
   </div>
   <div class='ocr_carea' id='block_1_117' title="bbox 1845 5622 3418 5701">
    <p class='ocr_par' dir='ltr' id='par_1_117' title="bbox 1845 5622 3418 5701">
     <span class='ocr_line' id='line_1_117' title="bbox 1845 5622 3418 5701; baseline -0.001 -26"><span class='ocrx_word' id='word_1_815' title='bbox 1845 5622 1989 5678; x_wconf 86' lang='lat' dir='ltr'><strong>idem</strong></span> <span class='ocrx_word' id='word_1_816' title='bbox 2034 5623 2317 5701; x_wconf 72' lang='grc' dir='ltr'>ἐπιμένειν</span> <span class='ocrx_word' id='word_1_817' title='bbox 2375 5632 2540 5701; x_wconf 77' lang='lat' dir='ltr'><strong>atque</strong></span> <span class='ocrx_word' id='word_1_818' title='bbox 2601 5622 2890 5701; x_wconf 65' lang='grc' dir='ltr'>ἐμμένειν·</span> <span class='ocrx_word' id='word_1_819' title='bbox 2948 5622 3418 5701; x_wconf 50' lang='lat' dir='ltr'><strong>1b,;apxpévsw</strong></span> 
     </span>
    </p>
   </div>
   <div class='ocr_carea' id='block_1_118' title="bbox 1844 5692 3427 5762">
    <p class='ocr_par' dir='ltr' id='par_1_118' title="bbox 1844 5692 3427 5762">
     <span class='ocr_line' id='line_1_118' title="bbox 1844 5692 3427 5762; baseline 0 -17"><span class='ocrx_word' id='word_1_820' title='bbox 1844 5693 2063 5746; x_wconf 67' lang='lat' dir='ltr'><strong>Maximi</strong></span> <span class='ocrx_word' id='word_1_821' title='bbox 2131 5693 2301 5762; x_wconf 81' lang='lat' dir='ltr'><strong>magis</strong></span> <span class='ocrx_word' id='word_1_822' title='bbox 2336 5693 2569 5762; x_wconf 86' lang='lat' dir='ltr'><strong>respuit,</strong></span> <span class='ocrx_word' id='word_1_823' title='bbox 2604 5692 2879 5762; x_wconf 79' lang='lat' dir='ltr'><strong>habetque</strong></span> <span class='ocrx_word' id='word_1_824' title='bbox 2938 5692 3257 5748; x_wconf 79' lang='lat' dir='ltr'><strong>emphasin:</strong></span> <span class='ocrx_word' id='word_1_825' title='bbox 3306 5709 3427 5761; x_wconf 86' lang='lat' dir='ltr'><strong>pcr-</strong></span> 
     </span>
    </p>
   </div>
   <div class='ocr_carea' id='block_1_119' title="bbox 1845 5761 2958 5833">
    <p class='ocr_par' dir='ltr' id='par_1_119' title="bbox 1845 5761 2958 5833">
     <span class='ocr_line' id='line_1_119' title="bbox 1845 5761 2958 5833; baseline -0.001 -17"><span class='ocrx_word' id='word_1_826' title='bbox 1845 5780 2060 5818; x_wconf 74' lang='lat' dir='ltr'><strong>nnmere</strong></span> <span class='ocrx_word' id='word_1_827' title='bbox 2090 5766 2143 5819; x_wconf 83' lang='lat' dir='ltr'><strong>iu</strong></span> <span class='ocrx_word' id='word_1_828' title='bbox 2174 5761 2464 5831; x_wconf 59' lang='lat' dir='ltr'><strong>cernentec</strong></span> <span class='ocrx_word' id='word_1_829' title='bbox 2505 5764 2573 5818; x_wconf 86' lang='lat' dir='ltr'><strong>ab</strong></span> <span class='ocrx_word' id='word_1_830' title='bbox 2611 5780 2673 5818; x_wconf 83' lang='lat' dir='ltr'><strong>ea</strong></span> <span class='ocrx_word' id='word_1_831' title='bbox 2699 5761 2958 5833; x_wconf 72' lang='lat' dir='ltr'><strong>disjungi.</strong></span> 
     </span>
    </p>
   </div>
  </div>
