4184 6436
652 372 784 437 tam

1852 379 1913 439 S.
1956 380 2244 441 ΜΛΧΙΜΙ
2283 378 2789 440 CONFESSORIS

3796 371 3930 433 1320

720 490 839 544 162.
871 489 1074 543 Rerum
1097 502 1218 558 qua:
1246 497 1430 544 mente
1463 488 1852 560 intelliguntur
1887 492 2229 561 contempla-

2405 489 2538 560 ρξβ’.
2580 488 2939 560 Παράδεισος.
2966 487 2998 555 ἡ
3024 485 3223 556 θεωρία
3254 485 3362 539 τῶν
3387 483 3599 555 νοητῶν
3628 484 3808 536 ἐστιν.
3844 485 3931 535 ’11)

648 581 748 645 tio,
775 579 1071 651 paradisus
1093 590 1198 634 est.
1237 580 1295 633 In
1328 595 1456 635 eum
1485 582 1656 646 intus,
1695 593 1754 637 ut
1778 582 1832 637 in
1864 582 2115 646 domum,
2138 584 2233 653 qui

647 672 912 742 spiritalis
945 678 1030 723 est
1065 679 1230 740 atque
1259 670 1479 741 sapiens
1506 672 1561 725 in
1587 673 1841 727 oratione
1891 673 2233 745 ingreditur:

650 775 783 815 vero
813 760 1084 812 actionem
1123 758 1277 821 colit,
1328 758 1528 812 viatori
1577 775 1751 828 prope
1781 761 1982 816 similis
2017 760 2233 816 videbi-

653 861 765 913 tur,
805 849 901 919 qui
934 848 1319 918 velitquidem
1359 849 1747 920 introspicere,
1786 853 1953 924 660
1999 869 2104 907 nec
2148 861 2232 907 ta-

654 958 775 996 men
813 940 1171 1011 permittatur
1191 982 1205 1005 ,
1240 941 1451 995 idcirco
1481 943 1748 998 nimirum
1785 944 1934 1013 quod
1964 945 2237 1001 maceries

651 1032 888 1101 spiritali
920 1033 1040 1103 ejus
1066 1038 1292 1086 statura:
1321 1033 1487 1102 paulo
1515 1035 1682 1089 altius
1719 1035 1949 1089 eminet.

726 1127 847 1180 163.
900 1125 1231 1195 Corporales
1281 1124 1515 1180 allectus
1570 1140 1633 1180 ac
1675 1126 1997 1196 passiones,
2040 1127 2238 1184 bestiis

652 1218 866 1273 similes
887 1226 1017 1273 sunt
1050 1235 1063 1270 :
1100 1217 1272 1272 animi
1298 1226 1484 1272 autem
1498 1218 1754 1277 affectus.
1782 1219 2132 1275 volucribus.
2158 1220 2237 1275 Ac

655 1309 880 1377 quidem
909 1309 1143 1373 activus,
1175 1325 1298 1379 qua:
1321 1308 1487 1379 primi
1516 1311 1736 1379 generis
1764 1319 1893 1365 sunt
1927 1325 1956 1364 a
1985 1311 2237 1365 rationali

659 1400 815 1454 vinea
850 1400 1011 1469 quasi
1040 1400 1258 1471 objecto
1284 1410 1444 1470 septo
1482 1416 1671 1454 arcere
1705 1409 1909 1470 potest,
1954 1415 2065 1453 non
2103 1413 2238 1452 vero

658 1490 825 1542 etiam
856 1490 1136 1554 volucres,
1167 1490 1276 1544 nisi
1314 1489 1619 1558 spiritalem
1647 1500 1845 1543 nactus
1878 1488 1950 1543 sit
1990 1496 2239 1544 contem-

660 1581 1003 1647 plationem;
1055 1581 1411 1651 quantumvis
1478 1580 1862 1636 custodiendis
1920 1597 2044 1651 quae
2107 1588 2240 1637 sunt

658 1675 828 1728 animi
860 1675 1180 1745 diligentem
1212 1688 1402 1727 curam
1439 1674 1722 1729 habuerit.

732 1766 853 1819 164.
901 1765 1153 1819 Actionis
1186 1764 1369 1820 cultor
1410 1764 1609 1819 morali
1651 1765 1851 1819 decore
1890 1763 2240 1833 praestantior

2339 582 2513 651 τούτῳ
2545 583 2573 633 ὁ
2608 581 2707 650 μὲν
2735 577 3037 647 γνωστικὸς
3061 578 3224 639 ὡς’ἐν
3255 575 3403 647 οἰκίᾳ.
3430 575 3645 628 ἔαιὼοεν
3673 574 3927 643 εἰσέρχει

2339 691 2428 727 ται
2472 678 2529 725 ὲν
2562 672 2695 743 εὐχῇ
2724 687 2737 701 ⁸
2774 672 2801 725 ὁ
2847 670 2904 724 δὲ
2954 670 3277 739 πρακτικὸς,
3312 668 3389 732 ὡς
3415 667 3719 740 παροδὶτης
3758 666 3932 736 ὀφθή-

2341 781 2510 827 σεται,
2542 762 2829 833 ἐπιθυμῶν
2856 763 2953 832 μὲν
2982 760 3191 815 ἔνδοθεν
3232 758 3617 830 παρακύπτειν
3636 776 3649 786 ·
3694 757 3773 828 μὴ
3801 773 3933 822 συγ-

2339 855 2684 927 χωρούμενος
2722 855 2802 918 δὲ,
2840 854 2931 907 διὰ
2975 853 3036 906 τὸ
3091 850 3597 936 ὑπξρανεστηκὲναι
3624 849 3724 902 τὸν
3753 864 3925 919 φραγ·

2344 948 2443 1019 μὸν
2468 947 2567 1017 τῆς
2591 945 2972 1015 πνευματικῆς
2998 943 3217 1016 ἡλικίας
3251 940 3443 997 αὐτοῦ.

2414 1129 2551 1200 ρεξτε
2586 1128 2667 1181 Τὰ
2718 1127 2816 1198 μὲν
2867 1123 3156 1195 σωματικά
3202 1121 3352 1193 πάθη
3402 1120 3615 1192 Θηρίοις
3684 1119 3929 1173 ἐοίκασι·

2341 1223 2565 1291 πτηνοῖς
2593 1222 2670 1283 δὲ,
2698 1220 2765 1271 τὰ
2784 1219 2993 1289 ψυχικά
3011 1235 3024 1248 ·
3057 1216 3194 1270 ἀλλά
3213 1215 3282 1269 τὰ
3310 1214 3411 1285 μὲν
3451 1213 3561 1267 ἀπὺ
3585 1215 3684 1266 τοῦ
3711 1211 3935 1280 λογικοῦ

2340 1312 2567 1367 δύναται
2612 1310 2935 1381 ἀμπελῶνος
2981 1306 3349 1379 ἀποτειχίζειν
3396 1308 3425 1360 ὁ
3475 1306 3818 1376 πρακτικός·
3848 1304 3938 1356 οὐ·

2341 1402 2459 1454 κέτι
2489 1400 2546 1453 δὲ
2579 1400 2672 1453 καὶ
2694 1401 2762 1453 τὰ
2793 1400 3036 1461 πετεινὰ,
3059 1400 3109 1452 εί
3137 1398 3212 1469 μὴ
3246 1400 3305 1450 ὲν
3345 1397 3551 1468 θεωρίᾳ
3583 1397 3937 1465 πνευματικῇ

2341 1494 2592 1565 γένηται,
2626 1493 2730 1546 κᾶν
2764 1492 2846 1545 ὅτι
2895 1493 3133 1561 μάλιστα
3176 1491 3468 1563 ποιήσεται
3521 1486 3766 1557 σπουδὴν
3802 1486 3938 1557 πρὶς

2339 1587 2439 1656 τὴν
2469 1586 2578 1639 τῶν
2605 1584 2813 1638 ἔνδοθεν
2841 1582 3109 1653 φυλακήν.

2420 1767 2547 1839 ρξὸ.
2594 1764 2821 1834 Ἠθικῆς
2852 1763 3186 1835 εὐπρεπείας
3212 1761 3481 1831 κρείττων
3511 1760 3825 1832 πρακτικὸς
3851 1775 3943 1827 γε·

660 1854 896 1908 ίῚἭάυΓΟ
927 1869 1038 1908 non
1077 1862 1294 1924 potest,
1338 1854 1445 1908 nisi
1473 1865 1530 1907 et
1570 1854 1689 1924 ipse
1736 1854 1888 1908 velut
1927 1852 2243 1923 patriarcha

2358 1857 2534 1914 νέσοαι
2585 1856 2646 1909 οὐ
2694 1854 2942 1921 δύναται,
2979 1854 3137 1925 εἰμὴ
3187 1854 3282 1906 καὶ
3324 1852 3488 1915 αὐτὸς
3537 1851 3684 1905 κατᾶ
3714 1851 3810 1903 τὺν
3833 1867 3940 1903 πα-

664 1941 938 1996 .\braham
959 1942 1006 1973 ⁵³
1030 1941 1262 2006 exierit;
1316 1942 1471 1995 velut
1496 1941 1721 2011 quidem
1746 1957 1776 1995 e
1801 1941 1987 2007 domo,
2015 1955 2047 2017 e
2083 1950 2248 1996 natu-

2358 1952 2619 2022 τριάρχην
2660 1947 2913 2017 ’Δσραάμ
2939 1944 3045 2010 ἔξω
3068 1946 3316 2016 γένηται,
3343 1944 3420 2008 ὡς
3450 1944 3553 2013 μὲν
3580 1944 3685 2013 τῆς
3707 1941 3942 2009 οἰκείας,

667 2033 764 2085 rali
802 2033 941 2103 lege,
980 2032 1244 2101 velutque
1288 2048 1320 2088 e
1361 2033 1717 2104 cognatione,
1764 2048 1795 2088 a
1829 2042 2106 2089 coaetanea
2140 2032 2245 2103 ipsi

2358 2042 2442 2097 τοῦ
2473 2040 2706 2110 φυσικοῦ
2752 2039 2943 2110 νόμου,
2974 2038 3052 2101 ὡς
3105 2036 3166 2090 δὲ
3219 2036 3569 2105 συγγενείας,
3608 2035 3715 2104 τῆς
3752 2035 3945 2105 ἥλικος

667 2126 799 2189 vita,
821 2133 879 2180 et
899 2140 1022 2194 quae
1050 2126 1270 2181 libidini
1301 2126 1494 2181 haeret.
1549 2126 1687 2181 Nam
1717 2125 1801 2181 sic
1830 2134 1891 2181 et
1925 2126 2044 2196 ipse
2088 2126 2247 2181 velut

2358 2134 2498 2205 αὐτῷ
2545 2132 2810 2187 καὶκατὰ
2854 2130 3038 2202 σχέσιν
3080 2128 3250 2200 ζωῆς.
3282 2128 3441 2182 Οὕτω
3474 2127 3584 2199 γὰρ
3635 2128 3736 2182 καὶ
3763 2122 3945 2189 οὗτος,

666 2217 1010 2286 signaculum
1040 2217 1107 2281 ⁸⁵,
1139 2233 1251 2288 quo
1273 2216 1550 2288 generalis
1577 2216 1879 2272 auferenda
1900 2217 2160 2286 voluptas
2174 2216 2249 2272 sit

2358 2224 2424 2289 ὥς
2453 2223 2725 2295 σφραγῖδα
2755 2222 2985 2293 λήψεται
3015 2220 3114 2290 τῆς
3160 2219 3386 2289 γενικῆς
3413 2219 3612 2289 ἡδονῆς
3641 2218 3748 2289 τὴν
3777 2218 3949 2286 ἀφαί-

666 2318 833 2377 atque
866 2308 1063 2373 libido,
1110 2318 1446 2379 accepturus
1479 2318 1597 2375 est;
1641 2325 1741 2380 per
1778 2325 1945 2379 quam
1989 2308 2138 2378 quod
2176 2309 2248 2365 ab

2358 2334 2524 2390 ρεσιν,
2560 2315 2685 2369 καθ’
2714 2315 2782 2387 ἢν
2827 2315 2889 2368 τδ
2938 2314 3045 2368 ἀπὸ
3073 2312 3353 2382 γενέσεως
3387 2311 3657 2381 κάλυμμα
3689 2310 3951 2381 περικεί-

666 2409 796 2454 ortu
819 2400 1278 2470 circumpositum
1306 2400 1561 2456 velamen
1588 2410 1696 2466 est,
1740 2400 1904 2471 plena
1938 2416 2042 2457 nos
2073 2401 2248 2457 liber-

669 2497 780 2545 tate
803 2489 1010 2545 donare
1031 2506 1143 2545 non
1172 2490 1329 2547 sinit.

751 2579 877 2635 165.
907 2580 1021 2635 Nec
1049 2580 1323 2650 equuleus
1362 2595 1494 2636 vere
1524 2581 1580 2635 in
1611 2581 1846 2651 prasepi
1886 2596 2146 2647 manere,
2186 2597 2252 2639 ac

668 2687 792 2742 quae
822 2672 971 2726 illius
1004 2671 1204 2742 pabula
1233 2679 1384 2738 sunt,
1414 2672 1581 2728 edere
1611 2672 1871 2735 sustinet,
1888 2688 2071 2743 neque
2096 2689 2255 2731 mens

667 2779 874 2819 novum
897 2773 1059 2819 aucta
1083 2763 1453 2835 perfectione,
1486 2775 1720 2835 angusta
1765 2764 1862 2819 diu
1900 2766 2080 2820 teneri
2124 2781 2256 2821 ora-

669 2854 843 2919 tione,
866 2854 924 2908 in
946 2868 1122 2924 eaque
1146 2854 1370 2910 assidua
1389 2871 1513 2910 esse
1533 2864 1749 2924 potest;
1772 2855 1908 2925 quin
1930 2855 2081 2911 illius
2100 2872 2255 2913 more

668 2947 873 3018 gaudet
911 2948 1083 3016 magis
1114 2947 1184 3001 ad
1216 2947 1326 3001 lata
1349 2947 1622 3001 naturalis
1652 2946 2078 3015 speculationis,
2108 2948 2257 3003 inter

670 3038 1044 3094 concincndos
1071 3039 1314 3108 psalmos
1331 3054 1395 3096 ac
1424 3038 1696 3094 lectiones
1720 3038 2029 3106 habendas,
2055 3055 2256 3095 occur-

672 3133 854 3187 rentia
883 3132 1061 3185 exire.

743 3223 867 3277 166.
904 3223 1067 3278 Velut
1086 3222 1304 3277 lumbos
1331 3221 1683 3292 praecinctos,
1708 3222 1876 3288 actio,
1907 3223 2105 3279 vitales
2129 3240 2257 3280 suas

672 3312 989 3377 facultates,
1009 3312 1284 3382 jejunium
1310 3320 1367 3367 et
1398 3311 1787 3366 castimoniam
1811 3311 2015 3378 habet;
2039 3319 2102 3366 ut
2124 3329 2258 3368 vero

674 3409 931 3461 lucernas
965 3404 1249 3471 ardentes,
1278 3403 1695 3474 contemplatio,
1728 3405 2010 3474 sapientes
2038 3419 2105 3460 ac
2127 3421 2258 3460 eru-

672 3495 818 3550 ditas
838 3495 1094 3561 virtutes,
1121 3495 1408 3550 silentium
1432 3502 1487 3549 et
1505 3495 1815 3549 orationem
1838 3511 1853 3561 ;
1875 3495 1954 3549 sie
1973 3495 2256 3560 nimirum,

675 3594 736 3640 ut
767 3587 858 3639 illa
894 3585 1121 3656 quidem
1156 3627 1173 3650 ,
1228 3585 1339 3639 illis
1399 3584 1734 3655 cogitantem
1786 3584 2060 3639 rationem
2109 3586 2261 3641 velut

677 3678 1029 3749 ptcdagogum
1067 3677 1362 3747 praeﬁciat;
1425 3675 1543 3730 [nec
1593 3690 1726 3730 vero
1781 3676 1903 3730 istis
1950 3692 2261 3731 sermonem

675 3775 857 3824 meu’te
890 3767 1193 3838 repositum
1225 3768 1381 3822 velut
1410 3767 1731 3836 nuptiarum
1768 3766 2186 3823 instruetorem.

750 3864 874 3916 167.
931 3860 1085 3915 Mens
1132 3858 1459 3929 imperfecta
1503 3858 1570 3913 ad
1611 3857 1951 3914 fruetil‘eram
1996 3861 2264 3919 orationis

677 3957 894 4010 vineam
931 3968 1040 4006 non
1075 3952 1279 4005 sinitur
1312 3950 1527 4005 intrare
1560 3951 1638 4016 ⁸⁵;
1670 3951 1768 4006 sed
1796 3951 1866 4006 ad
1897 3952 2067 4018 solos,
2098 3962 2264 4024 atque

681 4046 733 4100 id
765 4060 932 4115 aegre,
959 4043 1113 4097 velut
1144 4055 1375 4110 pauper,
1411 4039 1481 4094 ad
1522 4040 1745 4094 relictos
1787 4056 1818 4095 e
1853 4041 2140 4097 vindemia
2178 4060 2266 4098 ra-

677 4138 945 4199 cemulos,
971 4134 1152 4189 nudos
1177 4134 1517 4203 psalmorum
1547 4141 1829 4188 extremos
1864 4148 2050 4188 sonos.

752 4230 877 4285 168.
922 4228 1078 4282 Sicut
1103 4240 1214 4279 non
1248 4240 1441 4279 onmes
1496 4225 1591 4293 qui
1626 4224 1694 4278 ad
1720 4224 1866 4294 regis
1898 4225 2264 4280 admittuntur

681 4321 1039 4390 colloquium,
1076 4316 1357 4372 communi
1389 4330 1514 4371 eum
1544 4330 1611 4369 eo
1636 4315 1866 4386 prandio
1898 4327 2063 4385 atque
2086 4317 2266 4386 epulis

681 4413 922 4485 gaudere
958 4415 1226 4481 possunt;
1252 4408 1333 4463 sic
1355 4422 1537 4477 neque
1562 4422 1757 4461 onmes
1781 4405 1878 4476 qui
1903 4405 1973 4459 ad
1996 4406 2267 4462 orationis

2354 2427 2537 2481 μενον,
2571 2409 2671 2482 τὴν
2704 2407 2945 2478 παντελῆ
2982 2404 3306 2477 ἐλευθερίαν
3332 2404 3394 2458 οὐ
3425 2404 3709 2473 συγχωρεί
3763 2418 3951 2474 παρα-

2354 2500 2613 2572 σχεοῑψαι
2646 2501 2799 2571 ἡμῖν.

2426 2590 2555 2663 ρξε’.
2593 2591 2733 2645 Οὔτε
2755 2591 2935 2655 πῶλος
2956 2591 3014 2645 ὲν
3039 2588 3163 2661 ἔαρι
3192 2589 3341 2643 ἔνδον
3369 2589 3580 2659 φάτνης
3609 2588 3825 2659 μένειν,
3855 2589 3955 2642 καὶ

2351 2684 2421 2739 τὰ
2454 2684 2671 2756 ἐκείνης
2701 2683 2902 2737 ἐσθίειν
2936 2683 3225 2753 ἀνέχεται·
3258 2680 3383 2733 οὔτε
3415 2679 3668 2750 νεοτελὴς
3713 2678 3845 2742 νοῦς
3877 2682 3954 2743 (ε)

2353 2775 2415 2828 τὸ
2441 2774 2893 2845 ἀπεστενωμένον
2925 2775 3018 2826 ἐπὶ
3048 2772 3183 2825 πολὺ
3216 2773 3507 2841 καρτερεῖν
3546 2770 3648 2840 τῆς
3687 2769 3863 2839 εὐχῆς
3890 2770 3955 2821 οὐ

2355 2863 2611 2918 δύναταιο
2645 2865 2815 2934 ἡδέως
2866 2863 3069 2933 μᾶλλον
3130 2863 3250 2916 κατ’
3275 2863 3486 2914 ἐκεῖνον
3541 2858 3711 2930 ἔχων.
3746 2858 3845 2912 ἰπὶ
3894 2859 3957 2911 τὸ

2355 2953 2559 3017 πλάτος
2585 2953 2687 3023 τῆς
2716 2954 2956 3024 φυσικῆς
2985 2953 3222 3025 Θεωρίας
3251 2949 3595 3022 ὲξέρχεσθαι,
3648 2951 3753 3020 τῆς
3800 2951 3957 3004 κατά

2353 3047 2453 3118 τὴν
2480 3045 2802 3119 ψαλμῳδίαν
2831 3043 3227 3118 εύρισκομένης
3253 3043 3346 3097 καὶ
3373 3043 3474 3115 τὴν
3508 3041 3843 3111 ἀνάγνωσιν.

2434 3230 2577 3301 ρξε’.
2620 3228 2711 3292 Ὠς
2751 3226 2849 3299 μὲν
2886 3225 3097 3293 ὀσφύας
3146 3222 3260 3294 ἔχει
3319 3220 3795 3293 περιεζωσμένας,
3854 3236 3962 3291 νη-

2362 3321 2545 3374 στείαν
2576 3319 2671 3373 καὶ
2703 3318 2927 3386 ἁγνείαν
2976 3317 3011 3387 ἠ
3045 3313 3348 3385 πρακτικὴ,
3379 3314 3479 3376 τάς
3516 3311 3756 3376 ζωτικὲις
3786 3311 3964 3364 δυνα-

2364 3433 2486 3487 μεις
2518 3413 2724 3484 αὐτῆς·
2760 3413 2838 3475 ὡς
2888 3409 3119 3481 λύχνους
3154 3408 3211 3461 δὲ
3259 3405 3604 3476 καιομένους,
3632 3402 3852 3472 σιωπήν
3898 3419 3966 3455 τε

2362 3509 2457 3562 καὶ⁵
2488 3504 2823 3579 προσευχὴν,
2851 3501 2951 3566 τὰς
2984 3498 3291 3570 γνωστικὰς
3321 3499 3354 3569 ἡ
3380 3495 3694 3567 θεωρητικὴ
3720 3495 3964 3566 ἀρετὰς,

2361 3598 2638 3669 ὲφιστῶσα
2660 3611 2674 3625 ³
2705 3597 2741 3667 ἡ
2788 3595 2886 3667 μὲν
2936 3593 3204 3659 ἐκείναις,
3236 3591 3331 3645 τδν
3366 3588 3629 3657 λογισμὸν
3669 3587 3750 3651 ὡς
3792 3588 3970 3641 παιδο

2361 3689 2579 3760 αγωγόν
2600 3704 2613 3718 ⁸
2638 3688 2673 3759 ὴ
2692 3688 2750 3741 δὲ
2774 3686 3022 3749 ταύταις,
3050 3683 3127 3747 ὡς
3156 3699 3217 3735 νυ
3226 3679 3525 3753 μφοστόλον
3554 3679 3715 3747 λόγον
3744 3677 3845 3731 τὸν
3875 3677 3968 3729 ὲν-

2360 3784 2627 3838 διάοετον.

2437 3872 2570 3946 ρξζκ
2603 3870 2744 3936 Νοῦς
2771 3870 2992 3941 ἀτελὴς,
3019 3870 3100 3932 είς
3123 3866 3217 3921 τὸν
3256 3864 3617 3934 κατάκαρπον
3646 3860 3970 3933 ἀμπελῶνα

2361 3966 2453 4019 τὸν
2480 3966 2579 4036 τῆς
2601 3964 2765 4035 εύχῆς
2800 3962 2861 4016 οὐ
2900 3961 3268 4030 συγχωρεῖται
3294 3954 3642 4027 είσέρχεσθαι
3661 3968 3677 3984 ⁶
3706 3954 3791 4016 είς
3817 3953 3970 4022 μόνα

2363 4058 2420 4111 δὲ
2450 4056 2544 4109 καὶ
2590 4055 2760 4126 μόλις,
2788 4055 2866 4116 ὡς
2894 4052 3031 4124 πρὸς
3062 4048 3431 4119 ὲπιφυλλάδας
3457 4046 3695 4117 πτωχὸς,
3726 4044 3800 4099 τὰ
3824 4044 3971 4114 ψιλὰ

2362 4148 2473 4202 τῶν
2499 4147 2731 4218 ψαλμῶν
2764 4146 2954 4217 ἀπηχή
2964 4161 3129 4215 ματα.

2436 4239 2576 4313 ρξη’.
2613 4242 2825 4310 Ὥσπερ
2864 4239 2925 4291 ού
2972 4237 3176 4299 πάντες
3209 4235 3259 4289 οι
3304 4234 3385 4297 είς
3421 4229 3687 4302 βασιλέως
3737 4228 3969 4298 ὁμιλίαν

2363 4334 2670 4405 ἐρχόμενοι,
2703 4330 3033 4402 συναριστᾷν
3077 4328 3229 4399 αὐτῷ
3280 4326 3570 4379 δύνανται·
3621 4322 3800 4384 οὕτως
3839 4321 3968 4375 οὐδὲ

2364 4429 2414 4480 el
2441 4430 2520 4491 είς
2553 4426 2805 4495 ἐντυχίαν
2843 4423 3008 4494 εὐχῆς
3044 4422 3293 4494 ἥκοντες,
3326 4420 3528 4482 πάντες
3569 4416 3630 4469 ἐν
3657 4414 3874 4486 θεωρία
3898 4418 3968 4486 τῇ

682 4520 1039 4578 congressum
1073 4503 1328 4567 veniunt,
1362 4502 1485 4572 ejus
1513 4510 1800 4570 compotes
1837 4499 2108 4555 exsistent
2134 4514 2254 4555 con-

2369 4518 2491 4574 κατ’
2516 4518 2735 4587 εκείνην
2758 4514 3113 4587 ὁφθήσονται.

684 4594 1083 4665 templationis.

753 4688 877 4742 169.
908 4686 1007 4740 Ira:
1044 4684 1269 4754 quidem
1319 4681 1536 4735 frenum
1565 4722 1578 4744 ,
1624 4696 1692 4735 ex
1743 4680 2011 4751 temporis
2051 4680 2268 4736 ratione

683 4778 967 4836 silentium
996 4776 1338 4841 est;al.ena:
1387 4789 1520 4827 vero
1563 4788 1594 4827 a
1650 4773 1863 4827 ratione
1911 4771 2267 4841 cupiditatis,

685 4873 797 4929 cibi
838 4877 1142 4940 temperata
1170 4867 1313 4921 ratio
1345 4885 1357 4919 :
1388 4865 1741 4935 cogitationis
1770 4864 2009 4935 denique
2035 4864 2267 4921 moleste

682 4960 973 5033 evagantis
1015 4966 1071 5013 et
1096 4973 1260 5028 quam
1297 4954 1518 5010 diilicile
1566 4964 1773 5018 teneas,
1822 4955 1989 5010 unius
2029 4954 2265 5010 rationis

685 5055 901 5123 ﬁxaque
935 5059 1119 5106 mente
1148 5049 1349 5103 oratio.

753 5145 915 5216 661
948 5143 1068 5198 l70.
1107 5142 1246 5196 Tum
1278 5140 1372 5209 qui
1401 5148 1703 5203 terrenum,
1736 5144 1852 5191 tum
1898 5138 1993 5207 qui
2037 5137 2263 5193 caeleste

617 5236 625 5244 ’
686 5236 1026 5307 profundum
1060 5235 1249 5290 subire
1283 5233 1449 5297 velit;
1481 5232 1623 5286 alter
1666 5230 1894 5301 quidem
1942 5230 1997 5284 in
2040 5246 2266 5285 sensum

687 5330 1000 5393 cadentem,
1037 5328 1177 5382 alter
1208 5341 1362 5389 vero,
1394 5338 1517 5395 qua:
1551 5324 1666 5378 sola
1707 5331 1892 5378 mente
1929 5322 2261 5393 percipitur,

2441 4695 2574 4769 ρξο’.
2610 4692 2797 4764 Θυμοῦ
2830 4692 2931 4764 μὲν
2979 4689 3180 4763 κημὸς,
3214 4690 3251 4761 ὴ
3281 4686 3541 4759 εὔκαιρος
3569 4684 3792 4755 γίνεται
3825 4702 3964 4739 σιω·

2370 4790 2446 4859 πή
2467 4804 2479 4818 ⁸
2513 4788 2710 4856 ἀλόγου
2746 4785 2805 4839 δὲ
2824 4784 3140 4856 ἐπιθυμίας,
3161 4785 3197 4852 ἠ
3240 4780 3557 4852 σύμμετρος
3586 4778 3787 4849 ὲδωδή.
3822 4782 3966 4831 Δυσ-

2368 4880 2635 4936 καθέκτου
2675 4879 2734 4934 δὲ
2782 4874 3044 4947 λογισμοῦ
3066 4916 3082 4944 ,
3141 4876 3187 4946 ὴι
3218 4870 3615 4946 μονολόγιστοςι
3646 4870 3963 4942 προσευχὴ.

2444 5134 2541 5202 ρον.
2572 5126 2685 5182 Καὶ
2731 5127 2811 5189 είς
2856 5125 2949 5179 τὸν
2978 5123 3131 5178 κάτω
3177 5122 3342 5195 βυθὸν
3376 5121 3473 5176 καὶ
3506 5122 3587 5185 είς
3615 5120 3713 5173 τὸν
3770 5120 3891 5175 ἄνω
3938 5124 3967 5174 ὀ

2375 5220 2632 5277 ὑποδῦναι
2681 5218 3022 5290 βουλόμενος,
3051 5218 3081 5270 ὁ
3114 5215 3234 5288 μὲνῖ
3253 5215 3344 5269 διὰ
3383 5214 3476 5268 τὸν
3504 5213 3797 5285 αἰσθητὸν,
3829 5215 3859 5266 ὁ
3905 5213 3963 5267 δὲ

2373 5317 2463 5371 διὰ
2505 5315 2598 5369 τὸν
2647 5313 2837 5383 νοητὸν
2869 5308 3239 5382 μαργαρίτην,
3276 5308 3367 5362 ινα
3399 5306 3563 5361 αὐτὸν
3592 5306 3964 5377 ἀνιμήσηται,

759 5441 806 5473 ⁸³
839 5441 978 5496 Gen.
1014 5455 1107 5507 xu,
1146 5438 1197 5493 1.
1274 5436 1319 5467 ³⁸
1349 5434 1486 5491 Gen.
1512 5450 1646 5502 xvn,
1678 5435 1780 5503 ll;
1812 5435 1972 5491 Rom.
2007 5451 2082 5501 Iv,
2118 5435 2210 5489 11.

2362 5431 2527 5488 Deut.
2559 5443 2708 5493 xxxv,
2738 5424 2830 5479 21.

765 5553 834 5625 (ε)
867 5552 1164 5625 Νεοτελὴς
1195 5550 1362 5616 νοῦς.
1414 5548 1579 5615 Quasi
1635 5565 1829 5625 recens
1877 5550 1944 5606 ad
1974 5549 2274 5625 perfectio-

695 5620 822 5678 nem
859 5623 1133 5685 initiatus,
1169 5635 1403 5691 eamque
1457 5635 1663 5691 novum
1694 5620 1985 5691 adeptus;
2006 5621 2112 5691 etsi
2145 5636 2274 5675 nec-

696 5696 828 5749 dum
868 5695 923 5748 in
964 5694 1055 5748 illa
1088 5692 1222 5747 satis
1273 5690 1557 5760 probatus.
1610 5690 1766 5744 Suid.
1818 5690 2085 5758 νεοτελὴς,
2134 5709 2268 5743 νεω-

699 5765 789 5818 στὶ
820 5764 1257 5835 τετελειωμένος’
1285 5761 1433 5835 quod
1471 5761 1761 5835 Thesauri“
1795 5761 2067 5835 llcsychio
2095 5761 2268 5835 ascri-

699 5835 803 5902 bit,
833 5850 958 5891 cum
987 5836 1059 5890 sit
1087 5834 1265 5889 solum
1298 5831 1503 5897 Suidac,
1547 5831 1856 5901 redditque.
1889 5831 2085 5886 Recens
2117 5831 2268 5885 abso-

2385 5546 2568 5600 lutus:
2601 5558 2711 5598 non
2761 5542 2897 5597 satis
2954 5541 3099 5597 bene
3133 5540 3357 5611 Portus,
3395 5535 3624 5611 _Recens
3668 5529 3960 5611 confectus.

2383 5618 2499 5673 Vox
2531 5615 2679 5669 enim
2712 5612 2826 5675 illa,
2859 5627 2968 5682 qua
3002 5626 3111 5666 una
3144 5610 3301 5665 Suid.
3345 5601 3591 5662 alteram
3630 5601 3959 5682 explicavit,

2377 5685 2671 5756 quamdam
2700 5680 3100 5756 absolutionem
3131 5690 3291 5756 sonat
3310 5686 3366 5733 et
3388 5680 3960 5756 consummationem,

2377 5739 2486 5810 .15.]
2527 5755 2697 5809 solam
2735 5752 3119 5820 eli‘ectionem;
3173 5751 3241 5807 de
3278 5764 3390 5822 qua
3420 5746 3594 5803 multa
3622 5739 3868 5797 Budaeus
3902 5740 3959 5795 in

2376 5828 2687 5882 Comment.
