4184 6436
219 418 393 497 ’1411¹

1401 407 1576 466 ALIA
1613 405 1711 464 EX
1751 395 1988 465 VATIC.
2029 405 2317 465 CAPITA.

3347 415 3485 480 m2

239 520 288 573 εί
323 495 400 589 μὴ
440 516 702 588 γυμνωθῇ
731 509 886 579 οὗτος
935 514 1036 584 τῆς
1089 515 1334 586 ἐσθῆτος,
1369 515 1575 579 ἐκεῖνος
1623 516 1680 569 δὲ
1721 515 1803 584 τῆς

1921 515 2269 586 margaritam
2325 516 2452 571 inde
2489 490 2879 583 extracturus;
2935 518 3042 573 nisi
3087 519 3276 576 nudati
3322 527 3482 584 ambo

235 612 570 683 αἰσθήσεως,
596 611 903 683 ἀμφότεροι
929 609 1023 663 τοῦ
1055 607 1484 680 ὲπιζητουμένου
1508 610 1808 680 διαμαρτήε

237 722 447 759 σονται.

307 796 446 867 ροα’.
481 795 542 849 '0
575 796 677 863 μὲν
703 794 918 849 ἔνδοθεν
943 794 1044 866 τῆς
1065 793 1305 860 διανοίας
1328 792 1492 846 αὐτοῦ
1524 791 1813 864 γενόμενος

233 886 382 952 νοῦς,
418 888 477 939 ἐν
507 886 584 956 τῷ
607 886 890 956 εὔχεσθαι,
927 886 1006 949 ὡς
1043 886 1183 957 μετὰ
1213 885 1432 956 νύμφης
1474 884 1704 953 νυμφίος
1756 885 1812 937 ἐν

233 978 319 1048 τῷ
350 978 602 1048 νυμφῶνι
626 979 1006 1048 διαλεγόμενος
1033 977 1386 1048 εὑρεθήσεται
1403 995 1416 1007 ·
1445 977 1474 1029 ὁ
1497 975 1555 1028 δὲ
1590 976 1663 1046 μὴ
1691 992 1814 1044 συγ.

239 1071 590 1140 χωρούμενος
629 1071 914 1137 εἰσελθεῖν,
967 1070 1171 1135 ἔξωθεν
1203 1070 1491 1140 ἱστάμενος
1541 1066 1812 1132 στενάζων

239 1160 341 1233 βοᾷ
364 1179 378 1193 ·
427 1164 522 1229 Τίς
557 1162 774 1227 ἀπάξει
825 1181 903 1234 με
953 1165 1038 1228 εἰς
1086 1164 1269 1217 πόλιν
1305 1160 1630 1230 περιοχῆς;
1662 1161 1696 1231 ἢ
1729 1161 1812 1222 τίς

235 1252 494 1322 ὁδηγήσει
530 1269 620 1323 με,
646 1253 760 1318 ἕως
792 1253 898 1307 τοῦ
921 1253 1008 1322 μὴ
1023 1252 1286 1317 βλέπειν
1305 1253 1395 1319 είς
1414 1253 1812 1323 μρταιότητας

236 1318 583 1408 μανίας
607 1342 855 1411 ψευδεῖς
883 1318 944 1396 ὲν
971 1318 1050 1414 τῷ
1079 1318 1380 1412 εὔχεσθαι.
1416 1318 1429 1322 ν
1455 1318 1473 1346 ’

309 1519 442 1590 ροβ’.
477 1520 674 1575 Ὀποία
702 1523 734 1591 ὴ
762 1522 934 1591 χωρὶς
963 1520 1090 1584 ἁλὸς
1115 1520 1194 1590 τῷ
1223 1520 1465 1590 φάρυγγι
1491 1519 1812 1590 λογιζομένη

231 1613 431 1682 τροφὴ,
467 1613 693 1684 τοιαύτη
725 1615 818 1666 καὶ
848 1615 879 1683 ἡ
907 1613 1067 1676 ἐκτὸς
1094 1613 1447 1678 κατανύξεως
1496 1613 1813 1684 λογισθήσε-

229 1721 328 1757 ται
351 1703 430 1774 τῷ
451 1704 527 1773 νῷ
556 1705 931 1775 μετερχομένη
965 1704 1120 1774 εὐχή.

310 1798 444 1862 ρογ’.
482 1792 547 1846 Ἦ
580 1793 678 1863 μὲν
702 1792 782 1846 ἔτι
810 1792 1225 1847 καταδιώκουσα
1268 1791 1416 1864 ψυχὴ
1464 1793 1566 1862 τὴν
1619 1792 1806 1864 εὐχὴν,

1913 608 2248 673 exstiterint,
2272 609 2414 663 alter
2444 617 2618 672 veste,
2648 610 2899 680 alterque
2920 627 3083 665 sensu
3107 652 3120 676 ,
3152 624 3350 670 neuter
3366 618 3482 688 ejus

1912 699 2072 768 cujus
2093 699 2450 768 inquisitione
2472 699 2704 763 laborat,
2739 715 2963 770 compos
2987 704 3296 771 exstiterit.

1979 788 2103 843 171.
2142 789 2275 857 Quae
2327 790 2470 844 intra
2514 790 2748 860 seipsam
2793 793 2898 846 alta
2950 796 3279 865 cogitatione
3331 813 3488 854 mens

1911 879 2152 942 collecta,
2180 890 2290 946 est,
2344 882 2489 937 inter
2533 883 2826 946 orandum,
2875 886 3028 939 velut
3081 903 3319 954 sponsus
3352 906 3481 945 cum

1916 986 2114 1041 sponsa
2147 973 2201 1027 in
2237 974 2481 1028 thalamo
2507 989 2820 1029 sermonem
2859 975 3099 1030 miscens
3147 978 3484 1036 invenietur.

1913 1063 2015 1118 Cui
2066 1074 2249 1119 autem
2280 1065 2496 1135 ingredi
2543 1081 2652 1120 non
2706 1045 3100 1137 permittitur:
3144 1069 3280 1124 l'oris
3334 1079 3487 1126 stans

1913 1155 2116 1224 gemitu
2151 1156 2370 1220 clamat,
2403 1155 2530 1221 Quis
2568 1158 2780 1210 deducet
2813 1174 2894 1211 me
2915 1161 2970 1212 in
3001 1160 3264 1214 ciuitatem
3307 1163 3484 1216 muni-

1923 1256 2033 1300 tam
2065 1247 2150 1300 "?
2173 1257 2270 1301 aut
2292 1247 2416 1316 quis
2441 1248 2576 1301 mihi
2608 1248 2878 1303 hactenus
2908 1250 3016 1303 dux
3049 1251 3178 1313 erit,
3215 1261 3273 1304 ut
3304 1253 3360 1304 in
3395 1269 3488 1306 ua-

1911 1338 2104 1390 nitates
2141 1345 2190 1389 et
2231 1338 2470 1391 insanias
2515 1337 2702 1406 falsas,
2745 1338 2892 1392 inter
2934 1339 3205 1401 orandum
3251 1357 3356 1394 non
3403 1359 3486 1395 re-

1919 1430 2144 1499 spiciam
2176 1431 2218 1462 "
2236 1429 2260 1482 ?
3039 1427 3050 1439 “

1983 1520 2106 1573 ιη.
2133 1517 2322 1585 Qualis
2351 1535 2477 1594 esca
2523 1520 2680 1574 nullo
2721 1520 2833 1575 sale
2867 1520 3089 1575 condita
3138 1523 3346 1591 gutturi
3401 1524 3484 1576 vi.
3527 1507 3530 1511 ’

1912 1608 2095 1672 detur,
2131 1608 2254 1661 talis
2280 1617 2336 1662 et
2370 1609 2565 1671 oratio,
2600 1611 2771 1663 menti
2799 1624 2920 1664 eam
2959 1610 3162 1664 colenti
3199 1611 3510 1679 existima»
3590 1628 3591 1631 ‘

1911 1700 2084 1763 bitur,
2118 1701 2221 1753 nisi
2255 1700 2318 1753 ei
2338 1701 2692 1768 compunctio
2718 1715 2902 1756 comes
2926 1703 3018 1756 sit.

1985 1790 2106 1843 175.
2141 1789 2369 1844 Animus
2391 1790 2697 1844 orationem
2730 1791 2911 1846 adhuc
2939 1807 3299 1862 persequens,
3355 1808 3483 1862 par-

226 1886 300 1953 τῇ
335 1862 596 1955 ὼδινούσῄ
652 1885 886 1956 ὑπάρχει
947 1885 1310 1955 παρεμφερής
1334 1901 1350 1916 ο
1467 1884 1525 1938 δὲ
1569 1862 1803 1938 καταλα-

1913 1879 2137 1933 turienti
2185 1894 2347 1948 quam
2382 1879 2578 1933 similis
2599 1887 2683 1934 est
2729 1882 2803 1946 ⁸⁸;
2838 1897 2971 1936 ιυοηι
3003 1897 3136 1936 vero
3174 1891 3479 1943 assecutus,

229 1973 424 2038 ϐοῦσα,
468 1978 535 2046 τῇ
589 1977 860 2048 κυησάσῃ,
905 1975 1001 2030 καὶ
1037 1976 1237 2048 πλήρει
1275 1976 1546 2048 γενομένῃ
1588 1977 1677 2030 διὰ
1713 1977 1804 2030 τὸν

229 2064 394 2117 τόκον
423 2066 619 2133 χαρᾶς.

305 2154 431 2223 ροδ¹.
473 2156 646 2210 Πάλαι
680 2157 780 2229 μὲν
807 2159 836 2210 ὁ
869 2156 1195 2228 Ἀμορραῖος
1234 2158 1329 2226 (e‘)
1367 2159 1426 2211 ὲν
1454 2156 1533 2227 τῷ
1564 2157 1679 2228 ὄρει
1724 2159 1804 2211 oi-

227 2247 370 2311 κῶν,
402 2247 733 2318 ἐτίτρωσκεν
765 2248 1119 2320 ἐξερχόμενος
1142 2251 1269 2313 τοὺς
1299 2249 1804 2321 παραϐιαζομένους

226 2336 546 2407 διέρχεσθαι
569 2355 584 2368 ·
620 2341 738 2394 νυνὶ
765 2341 820 2395 δὲ
847 2344 880 2411 ή
926 2342 1140 2412 πονηρὰ
1167 2340 1306 2412 λήθη
1337 2340 1522 2394 διώκει
1547 2344 1673 2404 τοὺς
1695 2343 1803 2412 πρὸ

221 2429 329 2498 τῆς
366 2429 588 2496 ἁγνείας
617 2431 712 2483 ἐπὶ
737 2431 839 2502 τὴν
857 2431 1196 2502 ὑψηλοτέραν
1224 2430 1636 2503 ἐπιχειροῦντας
1669 2432 1803 2486 ἀνα-

225 2517 437 2572 ϐαίνειν
467 2519 633 2590 εὐχὴν
669 2521 767 2590 τῆς
795 2522 1115 2591 ἁπλότητος.

301 2619 430 2682 ροε’.
463 2613 574 2683 Τῆς
623 2613 872 2684 καθαρᾶς
918 2615 1105 2689 εὐχῆς,
1138 2615 1196 2668 ὲν
1224 2614 1392 2686 ἔχθρᾳ
1425 2614 1593 2686 πολλῇ
1628 2615 1801 2684 πεφύ-

217 2721 394 2758 κασιν
421 2699 560 2758 εἶναι
609 2706 660 2758 οἱ
714 2705 986 2775 δαίμονες.
1032 2706 1418 2776 Καταπλήττει
1468 2707 1526 2760 δὲ
1553 2706 1798 2772 τούτους,

219 2798 351 2871 οὐχὶ
385 2797 590 2867 πλῆθος
630 2797 737 2850 τῶν
784 2797 973 2850 κακῶν
1026 2794 1277 2869 [καλῶν],
1313 2798 1389 2860 ὡς
1435 2799 1561 2860 τοὺς
1601 2797 1801 2861 ἔξωθεν

227 2886 529 2958 πολεμίους
563 2887 624 2940 τὸ
654 2888 972 2958 στράτευμα
996 2903 1011 2919 ο
1061 2887 1179 2942 ἀλλ’
1206 2890 1240 2958 ἡ
1289 2887 1460 2957 τριῶν
1490 2889 1798 2960 συμφωνία,

224 2973 325 3027 νοῦ
359 2974 494 3043 πρὸς
521 2974 698 3042 λόγον,
733 2976 829 3029 καὶ
857 2975 1017 3044 λόγου
1048 2976 1186 3046 πρὸς
1220 2976 1490 3047 αἴσθησιν.

305 3063 443 3134 ρος’.
484 3065 546 3118 'H
590 3067 687 3136 μὲν
723 3067 852 3137 ψιλὴ
876 3068 1033 3138 εὐχὴ,
1062 3067 1139 3130 ὡς
1168 3068 1333 3138 ἄρτος
1367 3069 1665 3138 ὀφθήσεται
1696 3071 1797 3142 ἀρ-

224 3155 494 3225 χομένους
526 3157 861 3227 στηρίζουσα
883 3174 896 3186 ·
933 3160 968 3228 ἡ
1015 3158 1074 3211 δὲ
1103 3160 1241 3230 μετά
1269 3176 1412 3223 τινος
1443 3160 1695 3231 θεωρίας,
1725 3162 1800 3226 ὡς

222 3247 410 3300 ἔλαιον
461 3248 752 3302 πιαίνουσα
776 3266 790 3281 ο
826 3251 858 3319 ἠ
898 3249 955 3303 δὲ
991 3251 1250 3316 ἀνείδεος,
1285 3250 1360 3315 ὡς
1402 3247 1543 3316 οἶνος
1572 3252 1799 3325 εὐώδης,

221 3332 290 3392 οῦ
319 3340 366 3391 οἱ
397 3339 801 3410 ἐμφορούμενοι
830 3341 1121 3412 ἀπλήστως
1153 3342 1485 3406 ἐξίστανται-

1909 1967 1961 2022 ei
2015 1983 2138 2036 quae
2184 1969 2438 2037 peperit,
2493 1984 2670 2038 exque
2734 1979 2895 2039 partu
2944 1969 3127 2041 ga‘udii
3184 1968 3349 2040 plena'
3389 1986 3483 2026 ex-

1908 2059 2075 2114 sistit.

1979 2164 2103 2217 174.
2138 2161 2280 2216 Olim
2304 2161 2528 2232 quidem
2561 2162 2917 2219 Amorrhaeus
2949 2172 3212 2218 montana
3247 2161 3435 2217 colens
3465 2155 3482 2228 ,’

1907 2267 2004 2308 eos
2041 2267 2331 2320 aggressus
2357 2252 2452 2321 qui
2492 2253 2801 2322 transgredi
2843 2253 3312 2315 connitebantur',
3346 2266 3480 2306 con-

1906 2341 2233 2396 vulnerabat
2261 2343 2344 2401 ";
2373 2356 2632 2410 nuncque
2681 2342 2822 2396 mala
2854 2342 3064 2396 oblivio
3119 2341 3247 2422 illos
3275 2355 3479 2414 perse-

1907 2434 2121 2504 quitur,
2149 2434 2242 2502 qui
2281 2432 2518 2488 necdum
2566 2434 2945 2488 castimoniam
2993 2434 3216 2503 adepti,
3271 2432 3340 2488 ad
3396 2433 3482 2488 al-
3564 2463 3568 2467 -

1907 2523 2107 2578 tiorem
2138 2523 2442 2593 simplicem
2471 2524 2775 2578 orationem
2821 2538 3108 2578 ascensum
3154 2522 3478 2577 moliuntur.

1972 2615 2095 2670 175.
2131 2614 2447 2670 Orationem
2477 2630 2670 2684 puram
2705 2615 2855 2684 gravi
2897 2614 3175 2670 daemones
3193 2614 3323 2669 odio
3346 2628 3479 2684 per-

1904 2701 2234 2776 sequuntur,
2263 2705 2428 2776 idque
2449 2721 2516 2760 ex
2545 2705 2727 2775 genio.
2764 2706 3022 2761 Pereellit
3060 2721 3192 2760 vero
3237 2721 3336 2761 eos
3365 2704 3477 2759 nun

1905 2796 2174 2851 bonorum
2203 2798 2385 2860 turba,
2415 2797 2565 2852 velut
2588 2806 2846 2852 externos
2877 2797 3065 2854 hostes
3085 2797 3302 2869 objecta
3337 2812 3480 2866 pra:-

1906 2889 2050 2943 sidia
2073 2888 2352 2954 militum;
2401 2888 2498 2943 sed
2531 2889 2697 2942 trium
2753 2904 3078 2953 consensus,
3119 2889 3321 2944 mentis
3360 2887 3474 2944 sci-

1905 2977 2032 3033 licet
2065 2993 2188 3032 cum
2226 2977 2439 3032 ratione
2461 3018 2476 3042 ,
2505 2985 2562 3032 et
2619 2977 2850 3032 rationis
2899 2994 3025 3033 cum
3062 2993 3249 3034 sensu.

1979 3068 2102 3123 176,
2134 3068 2378 3138 Simplex
2404 3069 2603 3132 oratio,
2655 3069 2812 3136 quasi
2858 3067 3018 3137 panis
3064 3066 3348 3122 videbitur
3371 3055 3475 3130 ⁸⁸,
3558 3100 3562 3105 -

1907 3159 2235 3229 incipientes
2260 3174 2324 3213 ac
2352 3159 2785 3213 rudimentarios
2809 3159 3126 3213 confortans
3155 3177 3168 3212 :
3201 3174 3324 3228 qua:
3345 3173 3478 3213 vero
3556 3147 3562 3156 ’

1911 3253 2151 3322 aliquam
2180 3251 2702 3320 contemplationem
2733 3251 3084 3320 conjunctam
3115 3250 3302 3313 habet,
3326 3249 3478 3304 velut

1907 3345 2089 3398 oleum
2121 3343 2467 3413 impinguans
2489 3342 2531 3374 “
2563 3359 2577 3395 :
2610 3357 2733 3411 quae
2758 3341 2999 3411 denique
3031 3343 3208 3396 nullas
3235 3340 3478 3396 admittit

222 3428 436 3484 formas
458 3445 522 3485 ac
545 3432 860 3496 simulacra.
893 3435 1046 3501 quasi
1069 3434 1258 3490 vinum
1277 3435 1793 3507 fragrantissimum,
1828 3455 1937 3510 quo
1968 3436 2063 3507 qui
2122 3435 2270 3506 pleni
2306 3443 2456 3502 sunt,
2517 3436 2846 3490 immensum
2895 3435 3170 3491 excedunt
3219 3450 3284 3490 ac
3326 3434 3475 3491 velut

225 3519 514 3576 insaniunt
542 3525 611 3578 ⁸³.

303 3610 434 3683 ροζ’.
463 3616 483 3637 '
517 3615 744 3685 ’Δγριος
777 3615 875 3686 μὲν
905 3617 1044 3681 δνος,
1077 3618 1283 3683 πόλεως
1330 3620 1430 3690 μὲν
1457 3619 1672 3686 λέγεται
1701 3638 1800 3673 πο-

225 3700 483 3771 λυοχλίας
516 3705 845 3775 καταγελᾷν·
899 3707 992 3759 καὶ
1021 3707 1327 3778 μονόκερως
1364 3708 1423 3762 δὲ
1469 3709 1560 3763 ὑπ’
1589 3709 1802 3773 οὐδενὸς

222 3795 548 3863 δεσμεῖσθαι
578 3795 890 3867 δυνάμενος.
925 3796 1066 3862 Νοῦς
1087 3798 1145 3852 δὲ
1169 3799 1402 3869 φύσεως,
1433 3799 1659 3855 καὶτῶν
1676 3802 1802 3873 περὶ¹

225 3885 402 3954 φύσιν
433 3886 760 3954 βασιλεύσας
789 3888 980 3957 λόγων,
1014 3890 1378 3961 ματαιότητος
1427 3891 1526 3962 μὲν
1565 3908 1802 3959 καταγε-

217 3978 298 4047 λᾷ
321 3976 602 4047 λογισμῶν
633 3979 1099 4049 προσευχόμενος·
1140 3985 1271 4052 παρ’
1301 3982 1514 4046 οὐδενὸς
1554 3983 1611 4037 δὲ
1641 3984 1801 4038 δύνα-

223 4087 324 4123 ται
361 4069 474 4122 τῶν
499 4069 603 4122 ὑπὸ
630 4069 728 4140 τὴν
767 4071 1018 4142 αἴσθησιν
1047 4071 1584 4138 κατεξουσιάζεσθαι.

305 4257 436 4320 ροη⁹.
471 4252 591 4322 Χρὴ
645 4251 736 4304 τὸν
781 4252 1180 4323 ἀγωνιζόμενον
1209 4293 1224 4319 ,
1255 4253 1357 4325 τὴν
1406 4255 1504 4325 μὲν
1547 4255 1799 4326 αἴσθησιν

215 4345 416 4408 αὐτοῦ,
445 4347 524 4407 είς
558 4343 658 4414 τὴν
707 4345 952 4414 μονοειδῆ
1000 4346 1310 4399 συστέλλειν
1346 4349 1570 4418 τροφήν·
1619 4349 1710 4401 τὸν
1742 4349 1798 4401 δὲ

215 4438 374 4500 νοῦν,
442 4440 522 4500 εἰς
572 4437 672 4507 τὴν
741 4437 1119 4506 μονολόγιστον
1200 4442 1512 4510 προσευχήν
1544 4457 1558 4471 '
1627 4441 1798 4506 οὕτως

218 4531 338 4598 γὰρ
374 4529 599 4599 ἄσχετος
631 4530 868 4597 γεγονὼς
898 4532 962 4584 ἐκ
985 4531 1174 4585 παθῶν
1198 4571 1211 4594 ,
1244 4534 1336 4584 καὶ
1366 4535 1459 4586 ἐπὶ
1496 4535 1557 4587 τὸ
1613 4536 1797 4606 ἁρπάσ-

217 4621 422 4684 ζεσοαι
452 4621 589 4691 πρὸς
623 4620 826 4691 Κύριον
852 4622 968 4692 ἣξει
994 4623 1051 4675 ὲν
1084 4623 1162 4693 τῷ
1198 4623 1622 4694 προσεύχεσθαι.

300 4862 346 4895 ⁸⁸
377 4861 517 4917 Psal.
551 4876 656 4924 LII,
694 4861 777 4914 ll.
855 4861 900 4892 ⁵⁷
930 4859 1072 4914 Psal.
1099 4875 1288 4924 xum,
1325 4860 1377 4914 5.

299 5167 398 5238 (ε’),
435 5166 496 5220 '0
536 5165 886 5238 Ἀμοῤῥαῒος.
913 5166 1004 5222 Sic
1022 5167 1282 5238 nimirum
1298 5168 1459 5222 Deut.
1495 5185 1530 5228 I,
1555 5169 1643 5238 44.
1668 5184 1794 5223 cum

218 5236 340 5301 xlv,
373 5236 462 5300 ιε,
501 5251 609 5290 non
639 5236 1009 5299 Amorrlueus,
1053 5237 1146 5291 sed
1193 5238 1415 5292 Amalec
1468 5248 1524 5292 et
1579 5237 1795 5293 Chana-

220 5323 382 5364 nqu
413 5307 688 5377 dicantur,
722 5306 802 5360 sic
829 5307 896 5360 de
934 5316 1120 5361 monte
1167 5308 1504 5371 exsilientes,
1568 5308 1621 5361 in
1681 5326 1791 5377 quo

220 5387 388 5433 erant
419 5377 472 5430 in
505 5375 716 5430 insidiis
764 5377 1173 5447 (ἐγκαθήμενοι)
1219 5393 1314 5432 eos
1349 5375 1780 5433 conscidisseac

222 5454 551 5518 persecutos
573 5448 832 5518 essequi
880 5447 988 5500 vim
1027 5447 1276 5502 fecerant
1329 5457 1389 5502 ut
1451 5448 1783 5502 transirent:

221 5516 376 5588 ijuod
403 5516 914 5588 scilicetADcoirato
942 5534 1054 5570 rem
1095 5518 1572 5587 aggredicbantur,
1604 5518 1784 5587 Moyse

221 5585 398 5642 etiam
421 5585 792 5658 dissuadente.
829 5588 886 5638 '0
917 5588 1099 5658 οἰκῶν,
1131 5585 1276 5656 quod
1299 5589 1616 5658 scribit,qui
1637 5585 1786 5640 habi-

224 5658 399 5719 tabat,
417 5656 746 5726 cunillebr.
777 5672 840 5710 ac
869 5657 1092 5725 reliquis
1147 5660 1436 5722 convenit;
1495 5656 1785 5726 patuitque

225 5728 312 5782 sic
349 5725 863 5798 haberiiiLﬁrmeis,
895 5743 1128 5795 quorum
1175 5728 1252 5780 illi
1294 5730 1449 5798 capia
1489 5725 1610 5789 fuit,
1672 5730 1785 5798 sive

225 5806 388 5851 erant
417 5795 526 5850 τῶν
554 5795 715 5861 LXX,
752 5797 867 5851 sive
908 5799 938 5867 ἡ
982 5800 1152 5866 κοινή.
1189 5798 1343 5864 Quod
1365 5795 1464 5854 'est
1503 5813 1622 5868 cap.
1664 5797 1782 5863 175,

1823 4675 1873 4735 D

1490 4860 1536 4894 ⁸⁸
1569 4861 1726 4917 Joan.
1761 4879 1869 4926 xvi,
1901 4863 1990 4918 21.

221 4933 322 4990 15.
398 4931 438 4962 ⁸¹
468 4931 608 4986 Psal.
639 4947 766 4993 xxu,
797 4930 849 4984 5.
925 4929 970 4961 “
1001 4930 1043 4984 ll
1085 4928 1211 4984 Cor.
1239 4947 1299 4996 v,
1330 4930 1416 4986 l3.
1495 4932 1540 4963 “
1565 4932 1688 4986 Job.
1716 4949 1898 4998 χχχιχ,
1936 4935 1988 4998 5,
2030 4933 2082 4989 9.

297 5050 319 5073 ‘
365 5047 502 5102 Vide
559 5046 812 5101 Bocbart.
881 5044 992 5099 Dea
1054 5044 1242 5100 nimal.
1314 5062 1481 5101 sacrae
1543 5045 1846 5118 Scriptum.

1977 3621 2098 3674 177.
2136 3621 2306 3674 Aiunt
2352 3633 2622 3690 onagrum
2680 3618 2958 3674 confertas
2998 3617 3238 3673 civitatis
3287 3619 3476 3675 turbas

1909 3713 2175 3777 irridere;
2204 3725 2528 3766 moneceros
2576 3720 2759 3765 autem
2806 3728 2838 3766 a
2877 3711 3098 3767 nemine
3131 3712 3339 3782 alligari
3374 3727 3473 3782 po-

1910 3811 2015 3858 test
2041 3803 2108 3856 “.
2155 3803 2326 3858 Porro
2353 3817 2530 3866 mens,
2567 3817 2690 3871 quae
2732 3811 2963 3866 naturae,
3007 3817 3307 3871 earumque
3353 3817 3474 3870 qua:

1908 3903 2035 3950 sunt
2062 3895 2207 3949 circa
2251 3893 2417 3958 illam,
2480 3879 2758 3947 rationum
2815 3902 2979 3947 nacta
3033 3893 3324 3963 imperium
3358 3893 3470 3954 sit,

1908 3985 2052 4039 inter
2082 3984 2352 4038 orandum
2377 3999 2548 4038 vanas
2581 3983 2775 4038 irridet
2807 3985 3171 4054 cogitationes
3195 4023 3210 4046 ,
3260 3998 3362 4037 nec
3387 3982 3473 4036 ul-

1909 4076 2018 4130 lius
2070 4075 2328 4144 potestati
2379 4074 2694 4145 subjicitur,
2743 4090 2936 4146 eorum
2982 4076 3105 4145 quae
3144 4073 3198 4129 in
3250 4089 3473 4129 sensum

1909 4167 2131 4221 cadunt.

1976 4257 2098 4311 178.
2135 4257 2328 4321 Debet,
2365 4258 2459 4326 qui
2491 4273 2662 4328 agone
2689 4257 2992 4321 contendit,
3048 4257 3115 4312 ad
3173 4257 3339 4314 unius
3381 4273 3475 4329 ge-
3581 4274 3583 4276 ·

1905 4351 2056 4406 neris
2069 4351 2274 4414 cibum,
2307 4366 2529 4406 sensum
2555 4367 2713 4406 suum
2733 4352 2895 4423 362
2921 4353 3285 4423 restringere;
3319 4367 3473 4407 men-

1909 4450 2128 4510 temque
2212 4441 2280 4495 ad
2336 4441 2502 4496 unius
2581 4441 2812 4495 rationis
2874 4441 3176 4496 orationem
3251 4456 3468 4513 cogere.

1907 4531 1997 4586 Sic
2022 4533 2168 4585 enim
2202 4532 2270 4586 ab
2295 4531 2585 4586 aﬂ‘ectilius
2617 4532 2757 4586 liber
2783 4533 3036 4597 eﬂ'cctus,
3087 4533 3306 4589 abunde
3335 4550 3472 4589 con-
3507 4545 3518 4552 ‘

1907 4631 2170 4691 sequetur
2228 4632 2288 4678 ut
2323 4623 2390 4678 ad
2435 4624 2726 4679 Dominum
2773 4623 2919 4679 inter
2959 4623 3230 4680 orandum
3290 4627 3473 4696 rapia-

1901 4721 1988 4766 tur
2017 4713 2082 4765 “.

2105 4867 2148 4899 ⁵³
2178 4866 2340 4920 Num.
2369 4884 2477 4926 xw.
2509 4869 2608 4932 45;
2643 4869 2805 4924 Deut.
2835 4885 2872 4933 I,
2905 4870 2996 4926 14.

2174 4937 2218 4966 ⁸³
2250 4938 2268 4989 l
2302 4937 2463 4991 Thes.
2500 4955 2570 5001 Iv,
2608 4941 2690 4993 l6.

3107 4872 3151 4904 ⁸ο
3180 4870 3324 4926 Psal.
3355 4887 3468 4937 Cll],

1904 5169 2025 5239 οὐχὶ
2057 5169 2260 5234 πλῆθος
2289 5169 2397 5222 τῶν
2420 5169 2629 5230 κακῶν,
2665 5171 2848 5224 nullus
2891 5171 3200 5240 decoquere
3238 5174 3466 5240 possim,

1906 5249 1966 5292 ut
2004 5240 2076 5293 ita
2105 5241 2392 5308 scripsisse
2449 5249 2636 5308 putem
2687 5241 3001 5305 Maximum,
3042 5252 3137 5296 aut
3198 5243 3337 5298 forte
3376 5245 3470 5299 ha—

1902 5308 2086 5364 buisse
2110 5310 2233 5364 cod.
2258 5311 2457 5372 Vatic.,
2486 5311 2591 5364 nisi
2617 5311 2754 5364 forte
2780 5312 2986 5377 κακῶν,
3015 5313 3135 5364 ἀντὶ
3152 5314 3263 5369 τοῦ.
3292 5315 3467 5368 πόνων

1890 5380 2129 5454 positum
2156 5380 2246 5454 sit.
2282 5379 2398 5454 Sed
2419 5389 2704 5454 praestaret
2734 5381 3211 5454 _xa).¢iw-_honesti
3261 5384 3464 5454 quippe

1889 5450 2114 5521 nomine
2140 5450 2362 5521 virtutis
2387 5451 2608 5504 labores
2634 5450 2819 5519 potius
2853 5451 3101 5515 veniant,
3123 5450 3292 5521 quani
3314 5450 3461 5520 mali;

1886 5517 2046 5592 iique
2069 5521 2160 5573 uni
2192 5520 2346 5588 quasi
2366 5517 2656 5592 exercitus
2685 5521 3085 5592 intelligantur,
3118 5517 3209 5591 qui
3256 5517 3466 5578 terren-

1887 5588 1956 5641 do
2017 5591 2292 5644 daemones
2333 5591 2462 5652 sint,
2521 5606 2623 5644 ucc
2661 5606 2795 5644 vero
2824 5588 3090 5656 terreant,
3137 5588 3240 5647 nisi
3294 5594 3459 5657 adsit,

1885 5673 2047 5738 quam
2089 5659 2357 5713 Maximus
2388 5660 2558 5732 exigit
2591 5661 2796 5715 virium
2829 5662 3000 5716 animi
3031 5677 3142 5716 una
3184 5663 3464 5734 conspira-

1885 5737 1960 5784 lio
2005 5740 2057 5784 ει
2089 5745 2410 5787 consensus.
