4184 6436
709 378 732 442 1
746 379 844 442 113

706 595 785 640 tat
817 603 830 638 :
867 588 947 640 sic
979 597 1035 638 et
1083 584 1397 644 dwmones,
1436 584 1531 653 qui
1572 601 1706 654 pure
1761 586 1986 655 defungi
2034 589 2282 641 oratione

704 676 943 728 studeat.

774 767 892 822 180.
948 768 1256 838 Voluptarii
1304 768 1559 821 homines
1610 784 1674 822 ac
1731 767 2037 830 libidinosi,
2087 778 2144 820 ut
2188 770 2282 836 qui

707 858 912 911 terreni
962 858 1093 924 sint,
1158 867 1419 928 tanquam
1472 873 1633 911 ranas
1666 899 1679 920 ,
1732 858 2098 926 cogitationes
2140 860 2286 926 ipsos

705 948 1079 1003 distrahentes
1105 950 1313 1004 habent
1351 967 1363 1001 :
1394 964 1631 1018 quorum
1675 963 1806 1001 vero
1834 948 1899 1000 ad
1935 949 2287 1002 mediocrita-

707 1048 815 1094 tem
847 1043 1078 1096 affectus
1105 1044 1312 1097 redacti
1352 1051 1500 1103 sunt,
1555 1043 1705 1094 velut
1745 1041 2008 1094 luscinias
2041 1081 2053 1102 ,
2098 1043 2285 1094 emisi-

705 1131 1020 1188 derationcs
1050 1134 1254 1188 habent
1282 1149 1379 1186 eos
1411 1134 1775 1194 obiectantes,
1809 1149 1875 1184 ex
1905 1134 2031 1186 aliis
2060 1135 2114 1187 in
2147 1134 2287 1186 alios

705 1224 1134 1292 commigrantes
1158 1241 1360 1287 ramos,
1399 1224 1680 1276 variarum
1724 1223 1938 1276 scilicet
1987 1226 2138 1278 cultu
2184 1240 2284 1278 no-

707 1314 937 1368 tionum.
971 1317 1038 1369 lis
1064 1315 1302 1385 denique
1330 1317 1425 1385 qui
1460 1318 1529 1369 ab
1580 1316 1877 1369 affectibus
1932 1316 2094 1369 liberi
2139 1325 2289 1370 tran-

705 1408 993 1475 quillitatis
1024 1424 1207 1461 arcem
1247 1408 1639 1467 ascenderunt,
1675 1408 1868 1475 ingens
1895 1423 1924 1460 a
1989 1408 2286 1475 cogitatio-

708 1496 872 1549 nibus
895 1508 950 1552 et
996 1498 1306 1551 rationibus
1357 1514 1422 1551 ac
1471 1498 1834 1565 conci-ptibus
1887 1499 2167 1551 siicntium
2204 1508 2288 1552 est

706 1598 872 1655 atque
907 1590 1125 1657 requies
1169 1589 1312 1640 inter
1356 1587 1648 1639 orandum.

778 1681 897 1732 181.
928 1679 1070 1732 Olim
1099 1680 1325 1748 quidem
1363 1678 1536 1731 Maria
1575 1677 1743 1732 Musis
1770 1694 1951 1741 soror,
1991 1690 2286 1750 conspecta

707 1768 948 1822 hostium
971 1778 1172 1838 strage,
1208 1784 1434 1823 sumens
1463 1778 1808 1840 tympanum,
1868 1771 2120 1824 victoriae
2153 1787 2285 1826 can-

709 1861 814 1914 tica
857 1861 1352 1916 mulierum'choro
1396 1862 1795 1931 auspicabatur
1829 1863 1874 1892 ⁵⁸
1914 1879 1927 1914 :

710 1951 762 2003 in
786 1952 908 2018 ejus
930 1951 1099 2003 animi
1146 1952 1386 2015 laudem,
1432 1951 1528 2021 qui
1572 1951 1837 2005 vitiorum
1886 1965 1951 2004 ac
1993 1951 2326 2006 affectuum'

708 2041 886 2094 victor
936 2042 1236 2104 exstiterit,
1264 2041 1378 2110 ipsa
1414 2043 1680 2095 virtutum
1730 2042 2029 2110 primatum
2073 2052 2287 2108 tenens,

705 2133 883 2188 excita
917 2133 1182 2195 eharitas,
1203 2133 1474 2186 citharam
1500 2148 1625 2187 cum
1650 2134 1891 2196 cantico,
1921 2134 2074 2188 velut
2094 2149 2289 2202 quam-

706 2223 832 2278 dam
883 2223 1465 2293 contemplationem,
1525 2223 1744 2293 pridem
1796 2224 1875 2278 illi
1953 2225 2020 2277 ad
2073 2225 2292 2284 decoris

705 2309 1104 2364 abundantiam
1151 2311 1479 2375 laboratam,
1537 2312 1592 2365 in
1639 2327 1836 2366 manus
1857 2327 2125 2375 sumens,
2180 2328 2290 2368 non

704 2407 884 2452 cessat
933 2415 1058 2454 cum
1115 2400 1272 2454 turba
1301 2401 1378 2455 illi
1432 2401 1665 2466 comite,
1724 2402 2011 2458 exsultans
2065 2403 2292 2459 laudare

707 2490 902 2544 Deum.

781 2577 902 2631 182.
943 2576 1175 2644 Quando
1207 2577 1405 2632 orandi
1465 2578 1583 2650 ξιιςί
1647 2579 1916 2660 exercitio
1974 2595 2040 2635 ac
2091 2582 2289 2651 cultu,

708 2668 1040 2734 psalmorum
1096 2667 1323 2721 oracula
1384 2667 1441 2722 in
1489 2669 1704 2723 orantis
1750 2669 1920 2724 corde
1978 2671 2288 2756 haaserint,

709 2768 840 2810 tunc.
870 2765 924 2808 et
958 2756 1075 2825 ipse
1106 2758 1257 2811 velut
1283 2765 1432 2812 terra
1458 2758 1690 2827 optima,
1713 2760 1864 2814 ultro
1895 2759 2038 2814 ferre
2070 2761 2287 2831 incipit,

710 2855 772 2901 ut
800 2865 951 2901 rosas
981 2849 1205 2917 quidem
1234 2888 1249 2911 ,
1311 2848 1766 2918 incorporearum
1803 2866 1989 2906 rerum
2039 2867 2290 2907 contem-

707 2941 1046 3008 plationem;
1085 2950 1146 2994 nt
1176 2956 1310 2995 vero
1348 2941 1481 3006 lilia,
1515 2956 1812 3011 corporum
1866 2943 2027 3014 longe
2074 2944 2290 2998 lucidas

707 3033 951 3085 rationes
976 3048 1039 3086 ac
1067 3042 1408 3101 conceptus;
1439 3044 1498 3087 ut
1535 3033 1777 3103 denique
1807 3037 1985 3091 violas
2007 3078 2020 3101 ,
2066 3037 2286 3093 divino-

707 3216 932 3268 hcnsam
965 3216 1490 3271 considerationem.

778 3309 898 3362 183.
937 3308 1177 3362 Flamma
1207 3309 1453 3362 materia:
1477 3309 1680 3380 illigata
1706 3310 1848 3365 lucis
1871 3311 2116 3381 fulgores
2137 3327 2288 3383 spar-
2346 3385 2354 3394 ι

699 3394 780 3463 git
816 3397 1076 3450 :animus
1125 3413 1258 3451 vero
1307 3413 1371 3451 ea
1408 3399 1625 3452 solutus
1683 3415 1748 3454 ac
1787 3403 2027 3457 terrenis
2081 3403 2226 3458 liber
2265 3444 2281 3470 ,

706 3488 818 3541 Deo
854 3487 1070 3541 afflatus
1098 3489 1406 3557 plenusque
1449 3488 1773 3543 invenitur:
1812 3506 1876 3546 ac
1923 3491 2016 3546 illa
2055 3494 2283 3562 quidem

704 3578 773 3634 ad
805 3579 1109 3634 fomentum
1147 3595 1318 3649 usque
1349 3579 1522 3634 attolli
1555 3581 1757 3645 habet;
1795 3582 1887 3635 hic
1919 3599 2053 3637 vero
2093 3585 2162 3638 ad
2198 3584 2285 3639 di-

712 3673 825 3726 vini
860 3689 1034 3742 usque
1068 3673 1276 3726 amoris
1317 3673 1480 3727 finem
1515 3688 1581 3728 ac
1608 3675 2166 3732 consummationem.

779 3765 900 3819 18-1.
938 3764 1040 3829 Qui
1075 3778 1132 3816 se
1157 3763 1396 3832 perfecte
1427 3763 1786 3833 abnegaverit
1806 3805 1820 3827 ,
1844 3766 2086 3829 animus,
2114 3783 2286 3838 seque

707 3873 934 3926 prorsus
957 3857 1218 3918 orationi,
1261 3872 1324 3910 ea
1357 3856 1635 3920 sublimis,
1663 3856 1963 3921 addixerit,
1997 3860 2096 3928 qui
2126 3874 2284 3914 crea-

709 3962 833 4002 tura
858 3948 1112 4018 superior
1141 3948 1392 4010 exsistat,
1418 3963 1528 4001 non
1552 3948 1778 4024 quando
1809 3949 1944 4004 libet
1974 3950 2041 4003 ad
2078 3962 2283 4006 terram

706 4040 1013 4102 descendit,
1053 4039 1147 4093 sed
1181 4054 1307 4093 cum
1344 4038 1651 4110 illijustum
1693 4057 2024 4111 aequumque
2073 4043 2282 4098 videbi-

707 4145 818 4197 tur,
856 4132 949 4200 qui
979 4133 1248 4185 humanas
1284 4148 1371 4184 res
1398 4148 1592 4186 ornnes
1642 4133 1889 4201 pondere
1919 4144 1975 4190 ot
2021 4151 2281 4191 mensura

705 4226 943 4295 disponit
983 4241 1045 4278 ac
1084 4225 1244 4294 regit.

778 4317 896 4370 185.
931 4316 1034 4370 Ubi
1075 4315 1144 4369 ab
1194 4314 1414 4376 anima,
1472 4314 1660 4368 aeedia
1707 4316 2066 4380 exsulaverit,
2104 4335 2283 4388 exque

705 4407 875 4461 animi
926 4422 1089 4460 sensu
1139 4406 1386 4474 nequitia
1440 4422 1502 4458 ac
1553 4405 1715 4476 663
1761 4408 2002 4475 pravitas
2052 4424 2281 4465 excussa

2364 3045 2377 3065 ‘
2392 3049 2663 3118 σωμάτων
2697 3064 2712 3080 ο

707 3124 1188 3193 runijmliciorum
1223 3126 1429 3178 variam
1457 3141 1560 3180 nec
1589 3126 1776 3180 animo
1822 3127 1984 3183 facile
2029 3144 2286 3199 compre-

2391 3155 2498 3192 των
2527 3137 2901 3208 δυσθεώρητον

1973 385 2259 443 ΜᾹΧΙΜΙ
2309 383 2818 443 σοκιτεςςοιιις
3848 386 3975 444 liii

776 494 898 548 179.
931 492 1108 548 Canes
1147 491 1199 544 in
1228 507 1286 543 se
1315 492 1531 554 efferat,
1573 495 1665 562 qui
1697 495 1777 545 eis
1803 495 2058 549 baculum
2110 498 2288 549 intcn-
2320 505 2359 556 Α

2467 499 2596 565 ροίν.
2635 500 2860 551 Ῥἰιίὲδον
2901 500 3051 567 μὲ·ιό
3079 499 3237 550 κυσὶν
3270 499 3524 550 Erucium.
3571 501 3820 564 τεςρέωτε
3861 503 3968 548 zu”

2389 590 2585 640 ἑαυτοῦ
2620 606 2632 618 ·
2700 591 2962 660 δαίμονας
3025 592 3123 654 δὲ,
3184 596 3210 643 ὁ
3270 592 3526 660 καθαρῶς
3585 593 3985 658 ἐκδεξάμενος

2387 679 2659 748 εὔχεσθαι.

2465 770 2573 839 ρπ’.
2611 773 2674 824 Οἱ
2721 774 2821 842 μὲν
2856 773 3154 841 ήδυπαθεῖς
3190 775 3646 842 προσευχόμενοι,
3687 776 3784 824 az:
3852 774 3987 822 £2”;-

2385 865 2500 928 δεις
2554 867 2727 928 ὅντες,
2764 867 2839 926 ὡς
2893 866 3202 934 βατράχους
3256 867 3438 933 ἔχουσι
3491 867 3618 926 τοὺς
3681 866 3986 930 λοξ¹ιςμής

2390 954 2776 1037 περισπῶντας
2807 955 3006 1017 αὐτούς
3035 971 3047 981 ·
3081 956 3130 1006 of
3170 955 3226 1007 δὲ
3261 955 3680 1024 μετριοπαθείς,
3715 954 3813 1015 τὰς
3855 955 3986 1005 (sm-

2390 1046 2510 1112 ρίας
2541 1046 2616 1108 ὡς
2645 1044 2872 1114 ἀηδόνας
2909 1045 3362 1114 κατατερπούσας
3395 1047 3632 1108 αὐτοὺς,
3661 1048 3731 1112 τῇ
3763 1046 3860 1098 ἀπ’
3891 1047 3986 1098 ἁλ-

2389 1136 2496 1188 λων
2540 1139 2620 1198 είς
2679 1137 2874 1198 ἄλλους
2899 1137 3237 1206 ἀκρὲμονας,
3267 1137 3517 1188 τουτέστι
3555 1138 3819 1198 ποικίλας
3850 1139 3987 1188 θεω-

2393 1228 2535 1295 ρίας,
2574 1227 2878 1294 μεταϐάτει
2911 1243 2924 1257 ·
2963 1230 3088 1296 σιγὴ
3150 1228 3208 1280 δὲ
3277 1230 3539 1295 πρόσεστι
3574 1231 3692 1286 τοῖς
3745 1228 3987 1280 ἀπαθέσι

2391 1320 2484 1372 καὶ
2511 1320 2718 1389 ἠρεμία
2753 1319 2924 1390 πολλὴ
2956 1323 3022 1374 ἐκ
3046 1321 3323 1390 λογισμῶν
3357 1324 3452 1375 καὶ
3482 1324 3779 1390 νοημάτων
3823 1324 3882 1374 ἐν
3909 1320 3989 1388 τῷ

2392 1411 2810 1480 προσεύχεσθαι.

2461 1679 2608 1740 ρπαν.
2651 1673 2826 1724 Πάλαι
2855 1673 2954 1742 μὲν
2991 1673 3144 1744 ήτοῦ
3180 1674 3431 1735 Μωσέως
3458 1675 3647 1744 Μαρία
3683 1674 3796 1725 τῶν
3829 1675 3990 1726 πώε-

2393 1761 2534 1830 μίων
2559 1763 2662 1830 τὴν
2693 1762 2906 1814 πτῶσιν
2942 1763 3280 1832 θεασαμένη,
3307 1765 3370 1815 τὸ
3386 1762 3675 1832 τύμπανον
3699 1765 3988 1834 ᾁραμένη,

1969 1877 2120 1917 nunc
2157 1877 2290 1918 vero
2321 1834 2365 1893 Β
2391 1853 2589 1925 ἐξῆρχε
2606 1855 2737 1918 ’ταῖς
2766 1856 3016 1927 ᾀδούσαις
3048 1855 3118 1907 τὰ
3147 1857 3394 1908 ἐπινίκια
3423 1873 3438 1888 ·
3465 1856 3584 1908 νυνὶ
3613 1855 3671 1908 δὲ
3703 1857 3788 1918 είς
3819 1857 3990 1922 εὐαπ-

2396 1947 2526 2016 μίαν
2554 1947 2657 2016 τῆς
2692 1948 3000 2018 νικησάσης
3028 1947 3097 1999 τὰ
3125 1946 3273 2018 πάθη
3305 1947 3486 2016 ψυχῆς
3510 1985 3526 2008 ,
3563 1948 3596 2015 ἡ
3625 1947 3900 2016 κρείττων
3931 1949 3992 1996 ἐν

2392 2015 2622 2107 άρεταῖςί
2645 2015 2839 2107 ἀγάπη
2868 2015 3246 2108 διεγερθεῖσαί
3262 2015 3392 2108 ’τὴν
3410 2015 3529 2106 μετ’
3557 2015 3708 2107 ᾠδῆς
3747 2038 3994 2107 κιθάραν

2391 2129 2582 2203 ᾥσπερ
2604 2130 2727 2183 τινὰ
2782 2129 3017 2196 Θεωρίαν
3057 2130 3554 2200 μεταχειριζομένη
3610 2129 3791 2199 ταύτῃ
3819 2131 3992 2184 πάλαι

2389 2221 2490 2291 τὴν
2526 2222 2856 2292 πονηθεῖσαν
2878 2223 2959 2285 εἰς
2989 2221 3220 2284 κάλλους
3251 2222 3597 2292 περιουσίαν,
3629 2224 3692 2274 οὐ
3744 2222 3992 2276 παύεται

2393 2313 2491 2366 σὺν
2514 2315 2628 2376 τοῖς
2658 2313 2789 2384 περὶ
2817 2315 2989 2383 αὐτὴν
3027 2313 3416 2384 ἁγαλλιωμένη
3462 2317 3637 2368 αἰνεῖν
3679 2314 3776 2368 τὸν
3829 2315 3989 2368 Θεὸν.

3042 2463 3055 2492 I

2465 2587 2612 2660 ρπβ’.
2651 2589 2888 2644 Ὀπόταν
2914 2586 3005 2642 διὰ
3033 2589 3322 2658 συνεχείας
3349 2588 3450 2657 τῆς
3484 2588 3629 2642 κατὰ
3665 2589 3769 2660 τῂν
3823 2590 3994 2658 εὐχὴν

2392 2681 2704 2750 κατασχεθῇ
2734 2680 2803 2734 τὰ
2849 2679 3007 2747 λόγια
3046 2680 3155 2732 τῶν
3193 2679 3423 2762 ψαλμῶν
3451 2682 3511 2732 ἐν
3545 2683 3613 2750 τῇ
3655 2681 3865 2751 καρδία
3898 2681 3994 2732 τοῦ

2391 2773 2706 2844 εὐχομένου,
2729 2773 2852 2826 τότε
2868 2774 2960 2826 καὶ
2975 2767 3138 2836 αὐτὸς
3161 2771 3507 2842 γῆξκαθάπερ
3529 2773 3735 2841 ἀγαθὴ,
3756 2772 3992 2842 ἄρχεται

2391 2865 2715 2935 αὐτομάτως
2771 2863 3093 2934 ἀναφέρειν,
3127 2863 3205 2926 ὡς
3245 2863 3343 2932 μὲν
3387 2863 3554 2932 ῥόδα,
3591 2863 3694 2933 τὴν
3746 2863 3994 2934 θεωρίαν

2388 2957 2495 3010 τῶν
2533 2955 2844 3026 ἀσωμάτων
2877 2973 2892 2987 ·
2935 2955 3012 3017 ὡς
3042 2955 3099 3008 δὲ
3136 2955 3333 3025 κρίνα,
3368 2955 3468 3025 τὴν
3498 2954 3842 3024 τηλαύγειαν
3883 2957 3994 3008 τῶν

2752 3047 2828 3110 ὡς
2858 3047 2916 3100 δὲ
2949 3049 3028 3108 Ea,
3056 3045 3118 3099 τδ
3147 3045 3394 3100 ποικίλον
3437 3047 3547 3098 τῶν
3575 3046 3743 3100 θείων
3773 3051 3993 3119 χριμά-

3427 3221 3449 3246 ,ει

2462 3317 2608 3390 ρπγ’.
2657 3319 2745 3371 Ἐν
2773 3317 2874 3387 ὖλῃ
2909 3315 3011 3386 μὲν
3049 3315 3412 3386 δεσμευθεϊσα
3444 3315 3618 3384 φλὸξ,
3655 3318 3990 3398 φωτοφόρος

2388 3411 2716 3466 καθίσταται
2747 3425 2760 3438 ο
2797 3408 2858 3472 ἐξ
2887 3406 3022 3478 ὕλης
3047 3406 3104 3460 δὲ
3130 3405 3355 3459 λυθεῖσα
3385 3406 3552 3477 ψυχὴ,
3590 3406 3864 3476 θεοφόρος
3890 3409 3986 3460 εὖ-

2391 3503 2662 3572 ρίσκεται.
2695 3499 2940 3568 Κάκείνη
3001 3497 3103 3568 μὲν
3148 3497 3403 3568 αἴρεσθαι
3438 3500 3687 3568 πέφυκεν
3717 3502 3853 3569 ἄχρι
3887 3499 3985 3553 τοῦ

2389 3592 2816 3662 ὑπεκκαύματος
2847 3607 2860 3620 ·
2895 3589 3035 3660 αὕτη
3083 3588 3161 3657 δὲ,
3197 3590 3361 3661 μέχρι
3402 3591 3498 3643 τοῦ
3531 3591 3675 3644 κατὰ
3704 3591 3800 3644 τὸν
3842 3593 3992 3646 θεῖον

2389 3687 2568 3758 ἔρωτα
2596 3682 3086 3754 συμπεράσματος.

2459 3774 2598 3849 ρπδ’.
2643 3776 2713 3828 'H
2752 3774 2976 3838 τελείως
3024 3774 3228 3844 ἑαυτὴν
3278 3775 3638 3846 ἀρνησαμένη
3678 3776 3863 3848 ψυχὴ,
3892 3781 3990 3832 καὶ

2386 3870 2584 3933 ὁλικῶς
2607 3868 2934 3938 ἀνατεθεῖσα
2962 3867 3097 3937 πρὸς
3116 3866 3303 3937 εὐχὴν,
3321 3867 3463 3937 αὕτη
3481 3867 3579 3938 οὐχ
3605 3870 3696 3922 ὅτε
3723 3870 3986 3938 βούλεται

2386 3964 2537 4018 κάτω
2579 3931 2814 4030 γίνεταί,
2849 3959 3059 4014 ἄνωθεν
3114 3959 3484 4043 εὑρισκομὲνη
3539 3962 3637 4030 τῆς
3689 3963 3938 4029 κτίσεως
3970 3984 3982 3996 ·

2385 4057 2500 4110 ἀλλ’
2532 4055 2620 4110 ὅτε
2651 4053 2860 4107 δίκαιον
2901 4046 3042 4106 εἶναι
3076 4051 3242 4117 δόξει,
3272 4050 3350 4122 τῷ
3384 4053 3563 4106 πάντα
3613 4045 3852 4126 σταθμῷ
3886 4058 3983 4114 καὶ

2390 4144 2571 4214 μέτρῳ
2598 4138 2901 4209 διεξάγοντι
2929 4139 2998 4192 τά
3027 4139 3292 4210 ἡμέτερα.

2459 4338 2598 4401 ρπε’.
2635 4331 2805 4382 Ὅταν
2853 4329 2917 4381 ἐκ
2959 4325 3139 4395 ψυχῆς
3170 4325 3268 4396 μὲν
3297 4328 3330 4394 ἡ
3360 4327 3560 4396 ἀκηδία
3584 4292 3839 4400 άπελαθῇ
3869 4347 3884 4360 ·
3919 4334 3981 4384 ἐκ

2383 4423 2620 4486 διανοίας
2665 4422 2781 4490 δὲή
2834 4419 3073 4490 πονηρία
3114 4419 3429 4488 ὲκτιναχθῇ,
3476 4420 3600 4472 τότε
3633 4423 3660 4473 ό
3703 4421 3828 4484 νοῦς
3878 4441 3976 4490 γευ-

704 4495 904 4560 f'ucrit;
936 4504 1067 4549 tunc
1095 4511 1248 4548 mens
1275 4494 1630 4564 simplicitate
1665 4496 1812 4549 nuda
1865 4497 2084 4566 vitaque
2135 4499 2290 4563 inar-.

2393 4517 2523 4586 μνὸς
2561 4513 2844 4582 γινόμενος
2880 4513 2944 4580 τῇ
2974 4509 3262 4578 ἁπλότητι,
3289 4508 3401 4579 ζωῇ
3439 4526 3498 4561 τε
3533 4513 3600 4579 τῇ
3633 4511 3850 4581 ἀτέχνῳ
3885 4514 3982 4566 καὶ

705 4587 936 4641 tificiosa
966 4595 1015 4639 et
1057 4586 1266 4655 absque
1303 4587 1416 4638 ullo
1444 4586 1629 4654 probri
1666 4587 2047 4656 integumento
2078 4584 2285 4645 inanis-

702 4693 809 4748 que
855 4677 1044 4747 glorim
1083 4677 1454 4739 vestimento,
1502 4676 1652 4730 cauit
1713 4686 1770 4731 et
1842 4679 1954 4748 ipsa
2003 4669 2325 4736 canticum‘

703 4787 906 4825 novum
968 4772 1124 4835 Ileo;
1185 4771 1557 4839 pnlsansque'
1589 4769 1766 4822 melos
1807 4770 1861 4822 in
1913 4771 2283 4829 exsultatione

699 4863 905 4932 gratias
942 4862 1053 4931 agit
1078 4901 1091 4922 ,
1141 4860 1290 4930 quod
1336 4859 1537 4914 futura:
1582 4859 1708 4914 vita:
1738 4861 1982 4915 cncaenia
2014 4855 2279 4933 occupata

701 4953 887 5009 la‘titia
926 4954 1188 5006 celebret.

773 5064 889 5118 186.
939 5063 1077 5118 Cum
1126 5061 1436 5114 diviniorcs
1478 5060 1744 5129 quosdam
1797 5060 2014 5116 afflatus
2063 5063 2280 5120 animus

695 5174 862 5213 orans
894 5157 1243 5227 persentire,
1288 5154 1466 5222 iisque
1517 5155 1603 5224 agi
1660 5156 1914 5223 cmperit,
1963 5165 2074 5209 tum
2127 5159 2280 5213 velut

692 5251 1046 5307 Canticorum
1084 5249 1317 5317 Sponsa,
1355 5247 1485 5300 talia
1514 5256 1569 5299 et
1602 5246 1718 5315 ipse
1744 5246 1818 5299 ad
1848 5247 2068 5302 sodales
2091 5258 2147 5304 ct
2181 5252 2276 5318 qui

691 5345 811 5415 pari
845 5357 1057 5396 morum
1084 5341 1236 5393 cultu
1273 5339 1644 5400 delectentur,
1679 5339 1938 5401 succinit,
1983 5339 2274 5394 Fraternas

692 5453 836 5490 meus
897 5436 1036 5488 misit
1092 5448 1311 5485 ntaunm
1357 5447 1513 5483 suam
1563 5446 1654 5497 per
1708 5431 1969 5499 foramen,
2011 5441 2059 5483 et
2102 5443 2276 5485 vcnlcr

692 5545 834 5584 Iocus
864 5526 1138 5581 intremuit
1169 5540 1327 5592 super
1359 5539 1477 5576 cum
1507 5522 1572 5574 “.

763 5621 885 5675 187.
926 5619 1065 5674 Cum
1105 5616 1264 5670 miles
1298 5631 1558 5670 reversus
1585 5631 1614 5669 e
1645 5616 1858 5684 prmlio,
1890 5632 2055 5686 grave
2088 5633 2271 5671 armo-

756 5804 803 5835 “
837 5800 1015 5857 Exod.
1051 5815 1140 5862 xv,
1168 5798 1255 5852 ‘30.
1337 5799 1380 5829 ⁸⁸
1415 5797 1569 5852 Cant.
1604 5813 1656 5855 γ,
1692 5797 1741 5850 4.

2384 4607 2508 4675 δίχα
2531 4604 2732 4665 παντὸς
2763 4602 2856 4654 τοῦ
2893 4603 3034 4654 κατὰ
3063 4602 3160 4671 τὴν
3193 4601 3459 4670 αἰσχύνην
3489 4602 3975 4672 ἐπικαλύμματπς.

2384 4700 2478 4752 καὶ
2504 4699 2597 4750 τοῦ
2627 4695 2769 4750 κατὰ
2792 4695 2891 4765 τὴν
2932 4695 3200 4764 φανητίαν
3232 4693 3622 4764 προϐλήματος
3642 4737 3656 4757 ,
3688 4691 3850 4767 ᾆσμα
3879 4700 3978 4767 μὲν

2384 4793 2500 4863 ᾅδει
2527 4791 2620 4842 καὶ
2643 4785 2797 4851 οὗτος
2827 4786 3016 4840 καινὸν
3044 4785 3122 4856 τῷ
3148 4785 3267 4855 Θεῷ
3300 4801 3313 4813 ·
3349 4787 3670 4856 εὐχαριστεῖ
3712 4789 3770 4841 δὲ
3797 4791 3974 4858 *μέλος

2385 4880 2826 4952 ἀνακρουόμενος
2857 4879 2914 4930 ὲν
2945 4877 3257 4950 εὐφροσύνῃ
3276 4919 3291 4942 ,
3322 4876 3400 4949 τῷ
3436 4879 3534 4948 τῆς
3566 4879 3880 4950 μελλούσης
3911 4882 3976 4933 τὲ

2385 4952 2638 5038 ὲγῖιαίνια
2671 4967 3072 5039 προεορτάζεινι
3095 4967 3358 5037 βιώσεως.

2456 5061 2614 5132 ρπς¹.
2650 5064 2822 5114 Ὅταν
2868 5060 3019 5123 τινὰς
3061 5059 3345 5127 θειοτέρας
3399 5061 3684 5130 ἐνεργείας
3727 5061 3972 5131 ἐνεργεῖ-

2383 5157 2505 5209 σθαι
2542 5156 2776 5226 ἇρξηται
2814 5158 2846 5225 ἡ
2877 5155 3146 5224 εὐχομένη
3174 5154 3344 5222 ψυχὴ,
3370 5153 3491 5206 τότε
3526 5155 3623 5205 καὶ
3663 5155 3805 5223 αὐτὴ
3831 5158 3972 5208 xta-:2

2377 5249 2476 5318 τὴν
2531 5250 2587 5299 ὲν
2620 5249 2865 5316 ’ᾼτμασι
2897 5245 3156 5315 Νύμφην,
3219 5244 3356 5313 πρὸς
3419 5243 3518 5306 τὰς
3569 5245 3972 5316 ὁμοιοτρόπους

2380 5338 2607 5425 τοιαῦτα
2632 5339 2906 5404 ὐποερωνεῖ
2934 5354 2947 5367 ·
2989 5334 3339 5404 Ἀδελφιδός
3365 5351 3483 5402 μου
3503 5333 3836 5388 ἀπέστειλε
3860 5336 3970 5399 τὴν

2382 5429 2549 5499 χεῖρα
2599 5429 2784 5482 αὐτοῦ
2842 5429 2962 5483 ἀπὸ
3016 5428 3128 5495 τῆς
3183 5426 3489 5494 (Fatigato!
3522 5427 3560 5494 ή
3595 5430 3800 5480 κοιλία
3851 5447 3970 5494 μιν

2379 5522 2633 5590 ἑθροήθη
2657 5521 2748 5572 ἐπ’
2771 5521 2975 5574 αὐτόν.

2453 5613 2596 5684 ρπζ’.
2635 5613 2744 5666 Καὶ
2779 5613 3117 5685 στρατιώτης
3155 5613 3218 5666 ἐκ
3248 5611 3342 5666 τοῦ
3395 5612 3638 5682 πολέμου
3687 5611 3968 5666 iaculi}-
