4184 6436
244 371 380 436 1435

1412 374 1590 432 ALIA
1629 372 1730 432 ΕΧ
1770 369 2008 431 ΥΛΤΙΕ.
2051 375 2337 437 CAPI'I‘A.

3376 395 3507 457 1116

240 502 360 546 σας,
388 485 451 536 τ’»
481 483 647 556 βάρος
688 486 798 539 τῶν
832 486 1013 539 ὃπλων
1036 484 1478 549 ἀποσκευάζεται
1515 502 1525 514 ·
1563 486 1657 537 καὶ
1683 500 1818 553 πρα-

1929 504 2050 541 rum
2085 490 2300 559 pondus
2325 493 2482 562 ponit
2512 511 2525 558 ;
2566 503 2682 549 tum
2715 500 2930 552 activns
2952 500 3121 554 animi
3160 504 3405 560 rationes
3462 518 3516 564 et

239 576 427 637 κτικὸς
456 579 583 641 ’.οὓς
612 580 930 648 λογισμοὺς,
969 580 1046 640 εἰς
1077 577 1315 647 θεωρίαν
1346 576 1641 646 ἐρχόμενος
1663 593 1675 605 ο
1697 574 1822 628 οὔτε

238 668 344 737 γὰρ
377 670 587 733 ἐκεῖνος
610 673 656 723 εἰ
686 671 762 741 μὴ
792 672 851 723 έν
876 670 1099 741 πολέμῳ
1126 670 1318 742 χρείαν
1345 668 1458 740 ἔχει
1479 668 1589 723 τῶν
1619 668 1820 732 ὅπλων,

234 759 357 811 οὔτε
392 753 548 825 οὗτος
570 763 679 815 τῶν
712 762 1011 832 λογισμῶν.

309 947 459 1013 ρπηῆ
500 943 563 995 Οἱ
603 943 702 1012 μὲν
758 944 1057 1014 πρακτικοὶ
1093 944 1168 1007 ὡς
1207 945 1638 1015 ἔχουσι,θέσεως
1689 945 1825 998 θεω-

235 1033 395 1104 ροῦσι
424 1034 494 1087 τά
523 1034 756 1104 σώματα
786 1052 799 1065 ·
843 1038 893 1089 οἱ
916 1036 972 1089 δὲ
1016 1036 1367 1107 θεωρητικοὶ,
1394 1037 1471 1101 ὡς
1501 1036 1685 1106 ἔχουσι
1720 1036 1822 1106 φύ-

236 1142 377 1189 σεως
409 1143 420 1155 ⁸
457 1127 611 1197 μόνοι
652 1129 709 1181 δὲ
747 1131 877 1192 τοὺς
917 1128 1110 1197 λόγους
1146 1131 1475 1201 ἀμφοτέρων
1522 1130 1722 1200 ὁρῶσιν
1774 1131 1823 1183 οί

233 1220 547 1285 γνωστικοί.

310 1313 455 1382 ρπθ¹.
506 1314 599 1366 Ἐν
659 1316 759 1385 μὲν
811 1319 924 1379 τοῖς
977 1316 1162 1386 λόγοις
1198 1318 1307 1370 τῶν
1335 1317 1623 1386 σωμάτων,
1660 1317 1824 1384 γινώε-

232 1419 458 1456 σκονται
511 1406 580 1458 τὰ
635 1405 943 1476 ἀσώματα·
977 1410 1036 1462 ἐν
1088 1410 1405 1479 ἀσωμάτοις
1462 1409 1540 1470 δὲ,
1588 1410 1746 1477 λόγος
1796 1410 1825 1461 ὁ

232 1494 587 1565 ὑπερούσιος,
617 1499 754 1569 πρὸς
797 1499 857 1552 ὃν
896 1501 1175 1569 ἐπείγεται
1211 1503 1361 1554 πᾶσα
1402 1500 1665 1554 σπουδαία
1689 1502 1825 1554 ἀνα-

230 1586 401 1640 λῦσαι
433 1588 603 1659 ψυχή.

311 1685 418 1750 pl...’
449 1683 515 1734 Oi
545 1683 694 1751 λόγοι
717 1684 827 1736 τῶν
858 1686 1152 1755 σωμάτων,
1183 1688 1259 1749 ὠς
1289 1687 1423 1741 όστᾶ
1451 1689 1559 1741 εἱσι
1601 1692 1714 1751 τοῖς
1739 1689 1820 1740 αἰ-

1927 582 2325 649 eogitationcs.
2374 602 2499 640 cum
2550 586 2617 640 ad
2666 592 3195 660 contemplationem
3251 591 3505 650 venerit:

1929 688 2056 726 nam
2096 690 2278 744 neque
2310 676 2424 741 ille,
2458 690 2827 750 praeterquam
2867 683 2921 736 in
2962 684 3130 748 bello,
3169 687 3339 740 armis
3371 702 3511 758 Opus

1928 761 2117 829 habet,
2156 782 2337 837 neque
2368 770 2472 826 iste
2525 773 2698 828 animi
2749 776 3061 832 rationibus
3104 794 3169 833 ac
3216 779 3505 850 cogitatio-

1926 858 2109 913 nibus.

2003 950 2127 1003 188.
2152 952 2354 1018 Activi,
2379 970 2611 1025 corpora
2638 974 2737 1028 pro
2764 975 2959 1015 eorum
2986 962 3093 1016 situ
3126 965 3507 1031 considerant;

1930 1044 2346 1112 contemplativi
2384 1057 2593 1110 autem,
2618 1064 2721 1117 pro
2755 1066 2948 1105 eorum
2981 1060 3255 1107 naturaet
3287 1054 3504 1108 indole:

1925 1134 2026 1186 soli
2061 1135 2279 1190 demum
2305 1140 2537 1207 gnostici
2570 1141 2645 1209 (id
2677 1151 2783 1205 est,
2809 1144 3087 1212 sapientes
3116 1160 3178 1198 ac
3208 1145 3508 1215 spiritales)

1930 1224 2154 1282 illorum
2187 1230 2397 1299 pariter
2424 1232 2735 1303 horumque
2772 1236 3021 1291 rationes
3042 1236 3255 1291 vident.

2000 1320 2212 1375 189.1n
2243 1338 2538 1393 corporum
2597 1326 2910 1381 rationibus
2963 1340 3379 1398 cognoscuntur
3425 1332 3508 1385 in-

1926 1429 2231 1484 corporea;
2284 1416 2339 1471 in
2418 1418 2763 1488 incorporcis
2824 1437 2957 1475 vero
3024 1425 3507 1492 superessentialis

1926 1521 2127 1573 sermo,
2162 1509 2230 1563 ad
2268 1527 2434 1579 quem
2471 1512 2757 1567 studiosus
2785 1514 2967 1568 mnnis
3010 1515 3231 1570 animus
3277 1515 3505 1570 festinat

1924 1597 2182 1651 evadere.

1998 1688 2118 1742 190.
2168 1688 2476 1759 Corporum
2526 1694 2771 1748 rationes
2800 1696 2953 1750 velut
3006 1710 3131 1749 ossa
3170 1705 3339 1759 sunt,
3396 1696 3506 1751 illis

233 1772 460 1844 σθητοίς
489 1776 1025 1849 ἐπικαλυπτόμενοι,
1057 1780 1151 1842 οὓς
1181 1780 1264 1853 ἴδῃ
1310 1782 1490 1845 οὐδεὶς
1512 1822 1525 1845 ,
1552 1782 1663 1834 τῶν
1719 1780 1818 1846 ἔξω

238 1865 311 1886 --ᾖ
349 1867 547 1886 __-,._,,!
726 1868 748 1880 ο
1003 1876 1009 1881 -
1058 1871 1082 1886 Λ
1129 1872 1139 1886 ο
1275 1874 1299 1885 -ι
1408 1875 1419 1886 ι
1465 1873 1488 1886 Α
1577 1872 1603 1885 «ι

1928 1780 2192 1851 adoperta
2218 1798 2341 1851 qua:
2378 1783 2432 1836 in
2468 1797 2691 1837 sensum
2722 1785 2928 1839 cadunt
2960 1804 2971 1838 :
3006 1786 3106 1840 bas
3136 1798 3301 1840 nemo
3340 1787 3490 1841 vide-

236 1865 316 1935 μὴ
347 1867 661 1938 γενομένων
691 1868 794 1939 τῆς
828 1871 1210 1941 προσπαθείας
1232 1874 1341 1926 τῶν
1366 1872 1667 1944 αἰσθητῶν.

312 2044 456 2115 ριιαῖ
507 2046 854 2100 Ἀποτίθεται
883 2047 978 2100 καὶ
1003 2046 1343 2118 στρατιώτης
1365 2047 1432 2100 τά
1462 2046 1623 2109 ὅπλα,
1658 2065 1824 2101 κατα-

232 2136 429 2206 λείψας
462 2139 553 2191 τὸν
585 2139 847 2209 πόλεμον·
880 2140 973 2194 καὶ
997 2139 1330 2212 θεωρητικὸς
1356 2140 1484 2205 τοὺς
1505 2140 1820 2210 λογισμοὺς,

232 2230 489 2285 ἀναλύων
520 2231 659 2302 πρὸς
692 2234 918 2304 Κύριον.

314 2323 453 2392 ριεβι.
481 2325 591 2378 Καὶ
623 2326 927 2397 στρατηγὸς
955 2327 1014 2380 ὲν
1034 2326 1259 2397 πολέμῳ
1281 2326 1494 2380 σκύλων
1517 2327 1823 2398 διαμαρτά-

234 2434 366 2478 νων,
401 2420 458 2470 ὲν
488 2418 697 2489 ἀθυμίᾳ
732 2419 1055 2473 καθίσταται
1081 2435 1095 2449 ·
1120 2422 1213 2473 καὶ
1252 2420 1557 2490 πρακτικὸς
1588 2421 1645 2473 ὲν
1665 2418 1821 2489 εὐχῇ,

232 2506 475 2578 θεωρίας
511 2511 910 2581 πνευματικῆς.

328 2607 472 2673 ρειγθ.
508 2603 749 2673 Ἔλαφος
785 2604 882 2675 μὲν
905 2604 997 2657 ἐπὶ
1037 2605 1364 2675 σωματικῶν
1397 2605 1607 2659 ὑδάτων
1638 2604 1821 2677 τρέχει

232 2700 445 2768 πηγὰς,
489 2699 595 2752 ὑπὸ
632 2698 853 2771 [ὄφεως]
892 2700 1057 2770 θηρὸς
1089 2700 1165 2763 ὡς
1219 2702 1248 2752 ό
1296 2700 1516 2772 δηχθείς
1557 2702 1644 2771 (θ’
1674 2699 1822 2770 ψυχὴ

230 2792 320 2855 δὲ,
362 2792 395 2861 ἡ
423 2788 501 2860 τῷ
531 2790 858 2861 γλυκυτάτω
890 2791 1033 2862 βέλει
1066 2791 1342 2862 τρωθεῖσα
1367 2791 1445 2862 τῷ
1487 2794 1586 2862 τῆς
1630 2791 1817 2861 εὐχῆς,

232 2885 334 2937 ἐπὶ
356 2883 665 2953 ἀσωμάτων
700 2884 894 2952 αὐγάς.

314 2975 449 3047 ριιβ.
484 2974 624 3027 Οὔτε
671 2974 987 3046 σωματικὸς
1029 2974 1306 3045 ὀφθαλμὸς
1352 2974 1445 3028 τὸν
1477 2975 1677 3029 κόκκον
1727 2975 1820 3029 τοῦ

231 3068 393 3122 σίτου
424 3068 555 3120 ἰδεῖν
591 3067 834 3133 δύναται,
875 3067 1000 3121 οὔτε
1032 3067 1157 3131 νοῦς
1186 3069 1490 3137 πρακτικὸς
1527 3069 1626 3139 τὴν
1661 3067 1822 3137 φύσιν

1930 1875 2019 1935 rit,
2047 1875 2180 1943 quin
2210 1890 2241 1928 a
2271 1891 2452 1929 rerum
2485 1875 2760 1946 ejusmodi
2789 1876 3022 1932 libidine
3056 1878 3372 1948 aﬂ'ectuque
3402 1896 3503 1934 cx~

1927 1965 2180 2020 cesserit.

1997 2057 2119 2112 191.
2155 2057 2293 2111 Τυιη
2339 2059 2499 2113 miles
2546 2059 2740 2115 relicta
2780 2060 2975 2114 militia
3000 2076 3152 2114 arma
3182 2060 3364 2128 ponit,
3389 2068 3504 2115 tum

1925 2149 2388 2217 contemplativus
2418 2149 2663 2206 rationes
2705 2165 2768 2205 ac
2822 2152 3208 2222 COgitationes,
3260 2151 3392 2206 dum
3434 2152 3505 2206 ad

1925 2240 2220 2295 Dominum
2254 2241 2439 2297 solvit.

1998 2332 2118 2386 192.
2150 2332 2289 2387 Tum
2321 2332 2625 2402 imperator
2671 2332 2727 2387 in
2753 2332 2900 2387 bello
2934 2333 3233 2389 frustratus
3265 2335 3455 2405 spoliis
3485 2375 3500 2401 ,

1926 2434 2154 2488 mmret;
2190 2433 2306 2479 tum
2331 2424 2547 2479 activus
2582 2425 2638 2479 in
2679 2426 2930 2481 oratione
2970 2426 3120 2481 haud
3173 2427 3290 2496 ipse
3336 2427 3505 2499 spiri-

1928 2516 2051 2570 talis
2083 2531 2309 2585 compos
2332 2516 2839 2585 contemplationis.

1997 2608 2116 2662 195.
2141 2608 2355 2663 Cervus
2377 2608 2605 2677 quidem
2636 2607 2704 2662 ad
2728 2608 3101 2678 corporalium
3127 2606 3309 2664 fontes
3338 2624 3507 2680 aqua-

1925 2716 2047 2754 rum
2076 2701 2254 2754 currit
2285 2701 2353 2764 ‘7,
2401 2715 2431 2753 a
2460 2708 2717 2769 serpente
2760 2700 2937 2755 bestia
2968 2714 3188 2755 morsus
3220 2718 3233 2753 :
3286 2701 3506 2757 animus

1924 2806 2058 2846 vero
2094 2791 2416 2846 dulcissimo
2446 2793 2668 2846 saucius
2696 2792 3192 2863 orationisjaculo,
3227 2792 3294 2847 ad
3332 2793 3500 2864 spiri-

1930 2892 2084 2937 tuum
2116 2884 2441 2953 splendores
2471 2884 2778 2938 contendit.

1996 2974 2118 3028 194.
2148 2974 2261 3029 Nec
2297 2976 2606 3044 corporalis
2653 2976 2848 3030 oculus
2877 2991 3108 3045 granum
3144 2977 3357 3038 tritici;
3403 2992 3507 3032 nec

1926 3065 2090 3119 activi
2123 3081 2278 3119 mens
2307 3081 2463 3119 suam
2495 3066 2612 3135 ipsa
2650 3065 2890 3120 indolem
2923 3066 3112 3121 videre
3159 3076 3362 3137 potest,
3390 3068 3503 3122 nisi

230 3161 340 3231 τὴν
369 3159 591 3226 ἑαυτοῦ,
622 3162 670 3213 εί
728 3161 801 3232 μὴ
854 3160 1139 3230 γυμνωθῇ,
1173 3162 1380 3224 ἐκεῖνος
1413 3161 1533 3231 μὲν,
1566 3160 1814 3232 ὲλύτρου,

1927 3160 2018 3214 ille
2050 3158 2276 3229 quidem
2335 3159 2655 3214 membrana
2686 3177 2700 3225 ;
2750 3160 2839 3215 hic
2871 3176 3027 3226 vero,
3079 3161 3309 3216 libidine
3343 3162 3500 3218 obte-

229 3244 394 3317 οὗτος
423 3253 503 3319 δὲ,
537 3252 776 3323 σχέσεως
798 3251 899 3322 τῆς
930 3252 1447 3323 περικαλυπτούσης
1479 3252 1661 3309 αὐτόν.

315 3367 451 3432 9""-
488 3362 847 3433 Κρύπτθνται
898 3362 1131 3435 ἀστέρες
1180 3365 1301 3434 μὲν,
1342 3364 1496 3435 ἡλίου
1538 3362 1812 3436 ἀνατολῇ·

229 3453 491 3524 λογισμοὶ
517 3452 575 3505 δὲ
611 3452 1035 3521 έκλιμπάνουσι,
1059 3453 1153 3507 τοῦ
1187 3453 1279 3507 νοῦ
1304 3453 1445 3526 πρὸς
1478 3453 1579 3523 τὴν
1609 3454 1820 3508 οἰκείαν

230 3544 519 3617 βασιλείαν
549 3542 1076 3615 ἑπαναστρέφοντος.

310 3664 462 3733 ρὶις’.
492 3658 648 3713 Μετὰ
702 3659 762 3712 τὸ
795 3658 951 3723 τέλος
980 3659 1082 3729 τῆς
1114 3660 1447 3731 πρακτικῆς,
1474 3662 1530 3713 αἱ
1576 3678 1820 3730 πνευμα-

225 3752 389 3806 τικαὶ
427 3750 652 3821 θεωρίαι
682 3749 1066 3822 περιχυθεῖσαι
1089 3749 1169 3821 τῷ
1198 3751 1295 3821 νῷ,
1338 3748 1425 3804 οἷά
1472 3768 1619 3814 τινες
1661 3754 1815 3805 ἀκτῖ-

226 3861 328 3907 νες
355 3842 510 3915 ἡλίου
546 3845 602 3897 αἱ
643 3842 738 3896 τοῦ
788 3840 1067 3913 ὁρίζοντος
1117 3840 1526 3912 ὑπερκύψασαι,
1573 3841 1820 3895 δοκοῦσιν

1922 3259 2082 3322 gente
2114 3251 2354 3306 nudatus
2384 3250 2575 3306 fuerit.

1989 3364 2107 3417 195.
2139 3363 2515 3417 Obnubuntur
2565 3364 2738 3419 stella:
2790 3372 2916 3418 ortu
2952 3366 3090 3420 solis
3121 3382 3135 3419 :
3162 3375 3496 3437 cessautquc

1920 3455 2285 3526 cogitationes
2308 3495 2324 3519 ,
2365 3464 2552 3511 mente
2587 3456 2655 3510 ad
2688 3471 2851 3512 suum
2889 3472 3120 3529 regnum
3162 3468 3501 3515 revertente.

1996 3656 2109 3709 196.
2134 3654 2437 3709 Actionein
2465 3653 2629 3709 finem
2658 3667 2940 3726 provecta,
2966 3658 3315 3715 circumfusa:
3339 3660 3505 3733 665.

1921 3747 2090 3802 menti
2121 3746 2399 3815 spiritales
2416 3750 2941 3818 contemplationes,
2967 3751 3119 3806 velut
3148 3753 3357 3807 solares
3381 3756 3504 3824 qui-

1919 3839 2042 3893 dam
2078 3838 2216 3892 radii
2245 3838 2311 3891 ab
2348 3838 2636 3893 horizonte
2690 3842 3104 3910 promicantes,
3152 3845 3503 3901 extrinsecus

226 3936 441 4001 ἔξωθεν
464 3934 634 3989 αὑτοῦ
667 3934 1049 4006 προσϐάλλειν,
1085 3935 1283 3987 οἰκεῖαι
1346 3929 1526 4000 οὖσαι,
1586 3935 1680 3988 καὶ
1731 3934 1818 3987 διά

1924 3932 1966 3987 ei
2000 3931 2262 3985 advenire
2293 3930 2556 3985 videntur
2578 3973 2593 3995 ,
2642 3948 2767 3986 cum
2801 3934 2923 4003 ejus
2968 3935 3226 4004 propriae,
3262 3952 3346 4000 ac,
3393 3956 3502 4008 qua

234 4026 593 4098 καθαρότητα
614 4028 819 4081 ἐκεῖνον
842 4027 1367 4098 περιπτυσσόμεναι.

312 4224 452 4297 ρι-,ζκ
477 4224 716 4279 Τοιαῦτα
765 4224 859 4277 καὶ
919 4222 1044 4287 νοῦς
1080 4222 1417 4295 θεωρητικὸς
1460 4222 1708 4277 ὲκλαλεῖν
1732 4223 1820 4277 δῦ-

224 4334 420 4382 ναται,
452 4317 542 4369 ὅτε
601 4315 811 4371 ἀνωθεν
865 4316 961 4369 ἀπ’
1016 4314 1249 4387 οὐρανοῦ
1312 4314 1548 4386 καταϐῇ,
1606 4317 1821 4385 φύσεως

223 4410 511 4476 ἀνάγκαις
542 4407 845 4471 ὲπικλιθείς
874 4423 888 4437 ·
926 4403 1015 4461 οἷα
1040 4406 1137 4461 κα)⁸
1166 4409 1194 4459 ό
1230 4406 1606 4479 φθεγξάμενος
1624 4424 1636 4437 ·
1662 4408 1818 4462 Θείου

224 4504 471 4566 κάλλους
496 4504 549 4555 τί
580 4504 817 4574 ὑπάρχει
847 4502 1299 4573 θαυμασιώτερον
1326 4519 1341 4568 ;
1374 4503 1469 4555 καὶ
1512 4502 1598 4566 τίς
1642 4501 1819 4555 ἔννοια

222 4599 333 4667 τῆς
355 4596 452 4650 τοῦ
478 4596 614 4650 Θεοῦ
642 4596 1131 4667 μεγαλοπρεπείας
1156 4594 1529 4665 χαριεστέρας
1573 4594 1729 4656 Ποῖος
1760 4593 1817 4646 δὲ

223 4685 381 4739 οὕτω
426 4686 592 4749 πόθος
640 4685 840 4759 δριμὺς
880 4686 973 4739 καὶ
1026 4684 1321 4757 ἀφόρητος,
1348 4685 1422 4749 ὡς
1460 4687 1489 4738 ό
1529 4684 1639 4739 ἀπὸ
1681 4684 1816 4738 Θεοῦ

223 4778 589 4848 ὲγγινόμενος
644 4780 711 4849 τῇ
762 4779 871 4832 ἀπὸ
918 4778 1100 4849 πάσης
1158 4777 1356 4841 κακίας
1424 4776 1816 4848 κεκαθαρμένη

220 4870 403 4938 ψυχῇ,
440 4869 535 4922 καὶ
586 4868 694 4922 ἀπὸ
727 4867 1023 4933 διαθέσεως
1072 4868 1338 4941 λεγούσῃ,
1370 4868 1451 4923 ὃτι
1485 4870 1818 4939 Τετρωμένη

221 4960 475 5031 ἀγάπης
498 4961 614 5031 ἐγώ
639 4979 656 5025 ;

310 5079 455 5145 ριιηκ
496 5075 739 5129 Ἐκείνου
792 5075 939 5129 ἐστὶν
994 5074 1054 5128 τὸ
1098 5074 1276 5144 λέγειν
1310 5091 1323 5105 ·
1371 5076 1734 5145 Ἐθερμάνοη
1777 5074 1815 5143 ἠ

222 5168 453 5237 καρδιά
470 5186 591 5239 μου
630 5168 804 5233 ἐντός
855 5187 988 5232 μου,
1038 5168 1134 5222 καί
1184 5169 1253 5222 ἐν
1296 5167 1373 5237 τῇ
1424 5169 1653 5237 μελέτῃ
1699 5187 1819 5238 μου

307 5347 350 5377 ⁸⁷
389 5346 531 5401 Psal.
570 5363 677 5411 xu,
714 5347 763 5399 1.

311 5501 549 5575 ([λὙπὸ
589 5502 891 5575 θηρρςᾼὼς
928 5503 959 5554 ό
989 5499 1273 5575 μόηχθείς.
1313 5498 1506 5575 “Quid
1546 5496 1818 5575 scriptum

223 5566 934 5641 sit'MaximanbOnpbq
986 5566 1184 5636 ὄφεως,
1234 5568 1421 5641 nullus
1476 5566 1693 5641 dubito.
1729 5567 1818 5620 Sic

223 5645 384 5701 enim
428 5643 595 5711 θῆρες
652 5651 709 5696 et
758 5637 924 5711 θηρία
989 5641 1186 5709 (bestia:
1236 5638 1472 5711 scilicet)
1544 5637 1816 5711 dicuntur

220 5707 536 5784 Scriptura:
565 5713 773 5784 pbrasi.
792 5707 1131 5781 quaecunque
1168 5709 1422 5784 animalia
1440 5707 1812 5784 noxia_._ctiam

220 5802 319 5845 ea,
350 5779 473 5854 qua:
529 5779 694 5855 vulgo
738 5779 947 5855 insecta
997 5796 1285 5855 vocamus1
1328 5779 1635 5855 cuiusmodi
1683 5788 1810 5855 sunt

221 5848 555 5925 serpentes:
615 5848 692 5909 uti
750 5853 913 5907 etiam
980 5852 1189 5906 notavit
1251 5848 1399 5918 Orig.
1438 5851 1489 5903 in
1536 5850 1812 5912 (ιςιςρινιίε

1918 4023 2092 4093 fulget
2120 4020 2415 4083 munditia,
2454 4020 2547 4089 illi:
2567 4022 2911 4078 cohaerentes
2940 4024 3053 4080 sint
3097 4041 3161 4081 ac
3210 4028 3365 4082 velut
3409 4045 3503 4084 co-

1919 4117 2082 4171 alitae.

1994 4233 2112 4287 197.
2159 4232 2313 4287 Talia
2374 4247 2597 4303 quoque
2646 4247 2804 4287 mens
2847 4232 3316 4302 contemplatione
3374 4235 3500 4290 nixa

1920 4323 2105 4392 eloqui
2139 4330 2339 4392 potest,
2366 4337 2491 4376 cum
2519 4330 2728 4375 natura:
2756 4320 2991 4388 quadam
3018 4322 3351 4377 necessitate
3380 4339 3503 4377 ver-

1922 4431 2073 4487 gens,
2103 4431 2133 4469 e
2159 4415 2313 4469 cmlis
2347 4430 2589 4483 superne
2615 4412 2989 4477 descenderit,
3026 4414 3213 4482 qualia
3253 4423 3310 4469 et
3349 4416 3501 4470 locu-

1924 4515 2012 4559 tus
2032 4512 2138 4567 est,
2165 4504 2260 4573 qui
2278 4503 2354 4556 ait
2379 4521 2390 4555 :
2414 4502 2686 4569 Quidnam
2713 4501 2904 4555 divino
2934 4501 3244 4556 mirabilius
3268 4502 3501 4558 decore?

1924 4597 2053 4663 Qua:
2110 4612 2243 4650 vero
2290 4594 2570 4665 cogitatio,
2623 4609 2787 4664 quam
2831 4592 3033 4646 divina:
3074 4592 3503 4663 magnificentia:

1924 4690 2179 4761 gratior?
2228 4689 2363 4755 Quis
2390 4688 2470 4742 sic
2507 4687 2650 4741 aeris
2677 4702 2739 4741 ac
2791 4684 3161 4755 importabilis
3195 4701 3352 4739 amor
3376 4728 3389 4749 .
3437 4704 3501 4743 ac

1925 4784 2018 4853 qui
2052 4783 2107 4836 in
2144 4782 2326 4836 anima
2360 4780 2577 4835 cunctis
2616 4778 2770 4833 vitiis
2801 4777 3111 4847 depurgata
3159 4793 3189 4831 a
3233 4778 3346 4832 Deo
3380 4779 3503 4850 inji-

1924 4875 2090 4937 citur,
2121 4890 2352 4944 quaeque
2374 4890 2441 4927 ex
2466 4872 2666 4927 affectu
2695 4872 2844 4926 dicat
2875 4888 2888 4924 :
2927 4869 3221 4925 Vulnerata
3240 4872 3504 4925 charitrue

1922 4981 2016 5034 ego
2043 4981 2159 5017 sum
2191 4965 2277 5016 ’δῖ’

1994 5077 2115 5133 198.
2142 5076 2292 5131 Illius
2318 5086 2403 5131 est
2429 5086 2488 5131 ut
2518 5076 2665 5131 dicat
2695 5093 2709 5129 :
2738 5074 3017 5131 Concaluit
3051 5092 3140 5129 cor
3166 5091 3337 5127 meum
3356 5076 3499 5129 intra

1923 5186 2024 5233 nte,
2059 5177 2109 5222 et
2140 5169 2194 5222 in
2227 5168 2567 5222 meditatione
2594 5183 2712 5221 mea
2744 5168 3049 5222 exardescet
3105 5167 3245 5236 ignis
3282 5166 3326 5197 ⁶⁹
3348 5206 3362 5227 ,
3409 5166 3502 5235 qui

846 5344 891 5375 ⁸⁸
923 5343 1084 5400 Cant.
1120 5360 1178 5408 ll,
1207 5344 1274 5410 5;
1314 5360 1367 5407 γ,
1396 5344 1448 5398 8.
1526 5343 1569 5374 ⁶⁹
1604 5342 1745 5397 Psal.
1776 5359 1995 5407 xxxvi",
2026 5343 2077 5396 4.

1923 5510 2045 5562 quze
2082 5498 2301 5546 exstant
2336 5493 2390 5546 in
2420 5492 2699 5553 Genesim,
2755 5503 2996 5562 suntque
3044 5506 3073 5545 a
3115 5491 3501 5562 mehcollecta.

1926 5560 2017 5617 Sic
2050 5565 2429 5632 Act._xxvm,4,
2459 5564 2527 5617 de
2550 5564 2742 5632 vipera
2766 5560 2921 5616 Pauli
2952 5562 3137 5616 manui
3160 5560 3500 5626 adhaerente,

1935 5634 2030 5696 Ὠς
2060 5635 2116 5683 δὲ
2150 5630 2285 5685 εἶδον
2333 5636 2379 5687 oi
2417 5630 2680 5703 βάρϐαροι
2734 5635 3081 5703 κρεμάμενον
3114 5633 3172 5684 τὸ
3224 5632 3408 5701 θηρίον
3441 5634 3500 5684 ἐκ

1919 5710 2016 5775 τῆς
2042 5705 2220 5772 χειρὸς
2252 5704 2439 5770 αὐτοῦ,
2478 5703 2541 5759 Ut
2578 5704 2820 5758 viderunt
2850 5704 3163 5774 pendentem
3199 5704 3419 5757 bestiam
3438 5704 3500 5756 de

1921 5792 2081 5830 mam:
2115 5791 2246 5843 eius.
