4184 6436
238 374 375 440 1440

1402 382 1575 440 ALIA
1619 381 1719 440 EX
1759 382 1997 441 VATIC.
2039 383 2325 441 CAPITA.

3361 387 3498 452 1450

234 484 532 555 παράδεισε
563 484 773 555 Πατρός
799 499 914 536 σου.
942 483 1134 546 Ἄνθος
1161 482 1253 536 τοῦ
1282 484 1489 550 πεδίου,
1517 487 1610 540 καὶ
1635 486 1815 555 κέδροι

1921 504 2008 541 sus
2048 488 2219 555 [nctus
2249 488 2417 546 est".
2460 488 2692 559 Sponsc,
2737 490 2991 561 paradise
3027 492 3206 550 Patris
3244 497 3323 551 tui
3362 500 3500 556 :llos

234 574 427 636 αὑτοῦ,
462 575 538 637 ὡς
588 575 769 642 κέδροι
813 574 907 628 τοῦ
960 574 1218 629 Λιϐάνου.
1276 575 1426 630 ’Υπὸ
1467 577 1585 643 τὴν
1628 578 1815 630 σκιὰν

1917 580 2132 648 campi;
2160 588 2216 632 et
2242 579 2391 633 cedri
2419 580 2497 632 tui
2519 580 2664 634 sicut
2693 582 2843 636 cedri
2873 583 3065 638 Libani
3085 585 3151 638 ⁸⁸.
3181 584 3285 640 Sub
3311 591 3497 644 umbra

235 667 424 719 αὑτοῦ
450 668 825 734 ἐπεθύμησα,
884 666 983 718 καὶ
1050 666 1321 731 ἐκάθισα,
1366 668 1465 721 καὶ
1510 670 1544 721 ό
1585 667 1816 736 καρπὸς

1921 664 2062 719 illius
2106 667 2399 721 desideravi
2450 676 2500 721 et
2554 670 2702 734 sedi;
2748 680 2797 723 et
2851 673 3053 740 [ructus
3077 675 3193 746 ejus
3235 678 3376 732 visus
3423 690 3499 734 eu

234 759 403 827 ὤφθη
436 757 665 828 γλυκὺς
693 758 763 810 ἐν
798 756 879 821 τῷ
913 756 1169 826 λάρυγτί
1214 776 1355 826 μου.

312 850 404 903 σὸ’.
446 848 559 902 Εἱὸ
603 848 827 918 βασιλέα
881 849 1277 918 ὑποδεχόμενος
1311 851 1393 913 εἰς
1438 844 1499 902 τὺ
1544 850 1817 920 δωμάτιον

235 942 426 1007 αὐτοῦ,
474 941 618 995 οὓτω
671 940 976 1012 περιφανὴς
1022 942 1339 1012 εὑρίσκεται
1376 943 1471 996 καὶ
1516 942 1817 1013 περίδοξος,

236 1037 333 1088 καὶ
368 1035 543 1105 πάσης
574 1033 856 1105 dum"...
890 1032 1014 1104 [ῑσ.
1051 1032 1341 1104 ἔμπλεως]
1378 1036 1577 1105 χαρᾶς,
1610 1034 1664 1086 τί
1710 1034 1818 1087 πά-

236 1127 322 1179 θοι
354 1127 522 1199 ψυχὴ,
548 1130 579 1197 ἡ
610 1128 700 1181 τὸν
731 1128 965 1181 Βασιλέα
986 1128 1096 1181 τῶν
1128 1126 1395 1197 βασιλέων
1417 1130 1476 1181 ὲν
1499 1127 1581 1198 τῷ
1611 1127 1818 1199 καθαρ-

236 1220 398 1289 θῆναι
432 1220 811 1291 ὑποδεξαμένη
844 1219 983 1273 κατά
1027 1220 1126 1289 τὴν
1171 1218 1383 1288 ἀψευδῆ
1429 1219 1641 1272 ἐκείνου
1687 1220 1819 1273 ὑπό-

238 1326 429 1381 σχεσιν
459 1328 473 1376 ;
508 1313 619 1365 Καὶ
644 1312 697 1364 τί
736 1313 913 1375 ἐάσει,
956 1311 1062 1378 ἔξω
1093 1311 1191 1382 μὲν
1228 1310 1499 1380 βάλλουσα
1534 1311 1597 1363 τὸ
1622 1311 1698 1382 μὴ
1738 1313 1819 1374 είς

217 1404 547 1457 ’ἀνάπαυσιν
587 1403 785 1473 ἐκείνῳ
810 1401 1024 1456 δοκοῦν·
1074 1402 1285 1456 ἔνδοθεν
1337 1402 1392 1455 δὲ
1428 1402 1727 1471 εἰσάγουσα
1756 1402 1819 1455 τὸ

234 1494 319 1556 εἰς
354 1494 565 1547 ἐκείνου
597 1494 894 1563 ἀρέσκειαν
915 1512 930 1561 ;

309 1585 407 1639 σε’.
458 1586 519 1638 '0
570 1585 839 1655 κληθῆναι
892 1585 1209 1656 προσδοκῶν
1243 1586 1399 1654 παρὰ
1445 1584 1709 1654 βασιλέως
1748 1585 1816 1655 τῇ

235 1675 451 1748 αὔριον,
489 1677 632 1739 τίνος
683 1678 739 1729 ἐν
784 1677 1029 1746 φροντίδι
1087 1677 1251 1730 ἄλλου
1293 1676 1501 1738 ἔσεται,
1558 1675 1591 1746 ἢ
1641 1675 1819 1743 λόγων

238 1771 472 1841 μελέτης
500 1770 608 1821 τῶν
632 1770 712 1833 εἰς
737 1770 947 1823 ἐκείνου
988 1767 1127 1822 εἶναι
1160 1769 1467 1839 μελλόντων
1489 1766 1813 1837 άρέσκειαν;

1916 757 2085 811 dulcis
2110 758 2348 826 faucibus
2384 763 2509 815 meis
2532 762 2597 814 ⁴²¹.

1988 849 2117 902 204.
2155 848 2210 902 Si
2241 849 2287 903 is
2313 851 2407 919 qui
2442 868 2625 922 regem
2674 853 2874 907 domus
2898 853 3140 924 hospitio
3165 860 3385 930 recipit,
3423 862 3503 917 sic

1919 940 2153 994 illustris
2218 942 2513 1011 clarusque
2571 944 2872 1005 invenitur.
2953 961 3017 1000 ac
3080 950 3295 1019 reliquo
3347 953 3500 1007 omni

1918 1029 2120 1098 gaudio
2181 1031 2469 1100 magniﬁce
2522 1032 2754 1101 plenus;
2808 1035 2941 1105 quid
2992 1036 3085 1090 fiat
3134 1040 3361 1105 animo,
3404 1043 3501 1113 qui

1922 1122 2124 1191 Regem
2149 1138 2362 1191 regum,
2397 1138 2509 1190 prae
2537 1138 2636 1177 sua
2662 1126 2954 1185 munditia.
2982 1129 3135 1197 juxta
3161 1143 3226 1184 ac
3257 1130 3346 1185 ille
3372 1144 3502 1188 vere

1920 1212 2203 1281 pollicitus
2246 1223 2332 1266 est
2356 1213 2422 1277 ⁸²,
2449 1214 2799 1283 susceperit?
2832 1218 2974 1281 Quid
3018 1235 3151 1273 vero
3180 1221 3358 1285 sinet,
3404 1226 3501 1293 qui

1920 1304 2069 1359 foras
2100 1306 2311 1375 cjiciat,
2338 1308 2486 1377 quod
2521 1307 2589 1361 ad
2621 1309 2741 1379 ejus
2771 1310 3129 1368 refectionem
3178 1331 3289 1370 non
3319 1317 3506 1372 videa-

1921 1405 2046 1461 tur;
2100 1413 2163 1451 ac
2194 1414 2317 1467 qua:
2346 1398 2426 1452 illi
2483 1408 2639 1469 grata
2687 1410 2819 1455 sunt
2867 1411 2923 1456 et
2967 1414 3221 1475 accepta,
3257 1408 3504 1477 proclive

1920 1489 2220 1544 admittat?

1988 1582 2116 1637 205.
2150 1583 2254 1650 Qui
2300 1600 2330 1639 a
2361 1600 2489 1655 rege
2523 1584 2577 1640 in
2608 1586 2913 1643 crastinum
2972 1588 3276 1654 vocandus,
3304 1607 3503 1661 exspe-

1919 1674 2161 1729 ctatione
2198 1690 2500 1745 suspensus
2542 1687 2647 1743 est,
2681 1680 2812 1748 quid
2856 1680 3003 1734 aliud
3036 1697 3295 1736 curarum
3322 1691 3507 1740 verset

1920 1764 2129 1827 animo,
2165 1780 2329 1834 quam
2380 1774 2441 1818 ut
2487 1766 2602 1835 ipse
2650 1784 2837 1823 secum
2868 1784 3154 1825 sermones
3202 1772 3406 1842 cogitet
3442 1789 3508 1828 ac

234 1863 409 1917 Τοῦτο
456 1862 698 1931 τηροῦσα
746 1864 896 1916 πᾶσα
939 1862 1106 1933 ψυχὴ,
1139 1864 1238 1915 οὐκ
1280 1861 1578 1931 ὀφθήσεται
1603 1861 1819 1929 ἀπαρα-

1926 1858 2249 1923 meditetur,
2293 1861 2499 1930 quibus
2534 1862 2656 1932 ejus
2682 1865 2912 1933 gratiam
2950 1865 3191 1918 initurus
3233 1868 3363 1920 est?
3393 1866 3508 1923 Hoc

236 1955 541 2019 σκεύαστος
582 1956 721 2023 πρὸς
750 1956 811 2007 τὸ
845 1955 1058 2008 ἐκεῖθεν
1086 1955 1392 2025 κριτήριον.

313 2139 422 2197 σνς’.
458 2131 723 2203 Μακαρία
742 2132 913 2201 ψυχὴ,
959 2132 994 2201 ἡ
1036 2131 1127 2202 διᾲ
1150 2132 1212 2184 τὸ
1235 2132 1481 2201 σήμερον
1511 2131 1818 2201 προσδοκᾷν

234 2226 391 2295 ἥξειν
420 2226 510 2276 τὸν
539 2226 742 2294 Κύριον
784 2225 1006 2293 ἑαυτῆς,
1042 2224 1212 2293 μηδὲν
1242 2223 1519 2294 ἡγουμένη
1560 2224 1697 2285 ὅλως
1727 2224 1819 2275 τὸν

237 2318 405 2370 πόνον
447 2317 547 2387 τῆς
572 2318 786 2388 ἡμέρας
816 2318 999 2385 πάσης
1020 2332 1033 2344 ⁸
1068 2317 1202 2386 μηδὲ
1223 2317 1317 2371 τὸν
1343 2316 1443 2384 τῆς
1472 2317 1684 2379 νυκτὸς,
1730 2316 1818 2369 διὰ

235 2406 303 2461 τὸ
332 2407 535 2471 εὐθέως
566 2410 661 2461 ἐπὶ
684 2409 745 2461 τὸ
779 2407 925 2478 πρωῒ
954 2408 1144 2462 τοῦτον
1172 2407 1392 2479 μέλλειν
1422 2408 1561 2479 αὐτῇ
1588 2408 1821 2478 ἐμφανί-

234 2497 399 2563 ζεσθσ
412 2516 450 2551 ι.

315 2591 416 2655 σις’.
452 2592 667 2655 Πάντας
709 2592 808 2663 μὲν
844 2594 951 2665 ὁρᾷ
986 2593 1015 2646 ό
1054 2591 1214 2655 Θεόςο
1254 2591 1424 2662 ὁρῶσι
1454 2590 1513 2644 δὲ
1543 2590 1635 2644 τὸν
1662 2590 1814 2653 Θεὸν,

240 2685 297 2736 οἱ
338 2682 675 2753 Θεωροῦντες
713 2685 882 2753 μηδὲν
918 2686 975 2737 ἐν
1003 2683 1082 2752 τῷ
1113 2681 1391 2752 εὔχεσθαι.
1425 2684 1539 2737 Καὶ
1571 2684 1687 2735 ὅσοι
1721 2682 1819 2752 μὲν

233 2777 409 2848 ὁρῶσι
438 2776 529 2830 τὸν
552 2776 706 2841 Θεὸν,
736 2777 834 2831 xui.
883 2776 1269 2830 είσακούονται
1302 2774 1438 2843 παρ’
1464 2773 1630 2827 αὐτοῦ
1652 2792 1665 2803 ·
1702 2775 1819 2827 ὅσοι

236 2870 301 2923 δὲ
326 2872 428 2923 οὐκ
452 2869 853 2933 είσακούονται,
890 2869 1012 2922 οὐδὲ
1055 2868 1256 2939 ὁρῶσιν
1289 2866 1475 2920 αὐτόν.
1533 2867 1819 2937 Μακάριος

234 2959 322 3025 δὲ,
401 2963 429 3014 ό
484 2962 757 3015 πιστεύων
800 2964 883 3015 ὅτι
936 2961 1192 3032 βλέπεται
1228 2959 1335 3012 ὑπὸ
1383 2958 1479 3013 τοῦ
1526 2959 1695 3011 Θεοῦ·
1757 2958 1818 3010 οὐ

238 3054 641 3126 σαλευθήσεται
694 3055 803 3126 γὰρ
862 3056 891 3109 ό
936 3057 1073 3118 ποὺς
1124 3053 1316 3117 αὐτοῦ,
1377 3053 1478 3123 τῆς
1528 3052 1821 3122 ἀρεσκείας

236 3147 453 3202 ἐκείνου
483 3148 665 3221 χάριν.

1922 1951 2173 2020 quisquis
2198 1953 2597 2018 observaverit,
2633 1954 2780 2009 baud
2819 1955 3123 2025 imparatus
3158 1956 3225 2011 ad
3256 1958 3508 2017 futurum

1914 2041 2185 2111 judicium
2204 2044 2512 2112 apparebit.

1989 2134 2116 2187 206.
2174 2133 2375 2188 Beatus
2433 2134 2677 2199 animus,
2738 2136 2948 2190 idcirco
3005 2139 3154 2207 quod
3209 2140 3505 2199 Dominum

1919 2243 2081 2281 suum
2111 2227 2274 2281 bodie
2307 2236 2599 2282 venturum
2626 2238 2941 2298 eXSpCClat,
2976 2231 3137 2286 nihili
3167 2233 3378 2289 ducens
3419 2244 3505 2290 to-

1921 2321 2032 2374 tius
2054 2321 2165 2374 diei
2195 2321 2472 2385 laborem;
2506 2337 2570 2374 ac
2596 2322 2763 2374 etiam
2797 2324 2996 2387 noctis,
3038 2324 3186 2393 quod
3213 2325 3305 2381 ille
3320 2327 3505 2385 statim

1921 2424 2081 2463 mane
2117 2409 2469 2479 prtesentiam
2501 2409 2555 2464 ei
2585 2411 2941 2468 exhibiturus
2969 2413 3061 2469 sit.

1990 2595 2116 2649 207.
2170 2597 2319 2651 Deus
2370 2596 2593 2665 quidem
2646 2611 2840 2651 omnes
2891 2598 3088 2653 videt:
3130 2601 3322 2658 vident
3368 2619 3505 2661 vero

1921 2689 2097 2744 Deum
2122 2690 2219 2759 qui
2272 2690 2421 2743 inter
2451 2688 2721 2744 orandum
2752 2690 2893 2745 nihil
2928 2692 3135 2748 vident.
3167 2695 3245 2751 Ac
3275 2697 3503 2766 quidem

1920 2797 2114 2837 omnes
2148 2781 2240 2851 qui
2274 2781 2460 2837 vident
2487 2782 2682 2843 Deum.
2722 2785 2794 2838 ab
2831 2786 2925 2839 illo
2952 2802 3174 2857 quoque
3196 2790 3505 2847 exaudiuno

1920 2881 2045 2927 tur:
2078 2874 2173 2943 qui
2208 2887 2340 2927 vero
2370 2889 2482 2927 non
2513 2874 2905 2937 exaudiuntur,
2936 2892 3115 2945 neque
3144 2877 3335 2932 vident
3353 2894 3505 2937 eum.

1920 2966 2122 3021 Beatus
2156 2974 2341 3020 autem
2376 2967 2470 3035 qui
2528 2982 2588 3021 se
2636 2983 2667 3020 a
2700 2966 2812 3021 Deo
2850 2967 3024 3022 videri
3064 2970 3338 3037 credit”;
3396 2989 3507 3030 non

1919 3054 2067 3108 enim
2093 3054 2531 3108 commovebitur
2568 3070 2663 3122 νε
2699 3055 2840 3126 ejus,
2877 3072 2984 3126 qua
3012 3057 3229 3114 ratione
3263 3059 3344 3114 illi
3384 3062 3508 3132 pla-

1921 3157 2046 3196 cere
2084 3142 2290 3196 studet.

316 3241 420 3313 ση’.
618 3240 769 3303 ἐντὸς
813 3239 972 3309 ἡμῶν
1004 3237 1171 3308 οὔσης
1205 3237 1483 3308 βασιλείας
1519 3237 1587 3290 τὰ
1614 3238 1815 3305 ἀγαθά,

1991 3234 2117 3288 208.
2167 3234 2339 3305 Regni
2397 3234 2703 3301 caelorum,
2765 3236 2913 3305 quod
2966 3238 3112 3293 intra
3173 3257 3275 3297 nos
3336 3244 3502 3308 est“,

240 3339 272 3391 ὁ
300 3335 633 3405 φιλόκοσμος
664 3331 944 3401 ὀφθαλμὸς
973 3331 1073 3383 οὐκ
1092 3326 1222 3383 εἶδε·
1256 3330 1352 3383 καὶ
1374 3328 1512 3399 ἀκοὴ
1540 3329 1820 3399 φιλότιμος

234 3428 343 3482 οὐκ
368 3428 592 3498 ἤκουσε,
620 3427 716 3479 καὶ
751 3426 845 3478 ἐπὶ
868 3424 1096 3496 καρδίαν
1129 3422 1293 3493 κενὴν
1319 3421 1637 3492 Πνεύματος
1660 3422 1819 3490 ἀγίου

234 3521 341 3574 οὐκ
375 3520 541 3589 ἀνέϐη
560 3535 575 3550 ⁸
600 3518 927 3589 ἀρῤαϐῶνές
965 3521 1072 3571 εἰσι
1117 3517 1225 3569 τῶν
1255 3515 1559 3585 μελλόντων
1582 3515 1817 3568 δίδοσθαι

234 3616 355 3675 τοῖς
382 3612 614 3675 δικαίοις
656 3611 879 3679 ἀγαθῶν
908 3613 966 3666 ἐν
994 3614 1060 3681 τῇ
1100 3609 1370 3680 μελλούσῃ
1404 3608 1655 3680 βασιλείᾳ
1682 3610 1819 3676 Χρι-

237 3704 371 3759 στοῦ
393 3722 406 3736 ⁸
450 3705 547 3758 καὶ
585 3706 614 3757 ό
666 3705 742 3774 μὴ
779 3707 835 3757 ἐν
864 3704 1080 3767 τούτοις
1112 3702 1354 3772 τρυφῶν,
1381 3702 1580 3765 οἵτινές
1606 3703 1742 3754 είσιν
1767 3702 1817 3754 ot

236 3798 445 3867 καρποὶ
475 3794 821 3866 Πνεύματος,
868 3797 927 3848 ὲν
968 3794 1268 3848 ἀπολαύσει
1309 3794 1534 3847 ἐκείνων
1565 3792 1817 3861 γενέσθαι

233 3888 303 3940 οὐ
331 3886 571 3940 δύναται.

314 3978 412 4034 σθ’.
440 3980 501 4031 Οἱ
523 3979 632 4031 τῶν
661 3978 985 4048 πρακτικῶν
1020 3978 1271 4046 λογισμοὶ
1301 3977 1523 4047 ἐλάφοις
1551 3976 1813 4031 ἐοίκασιν.

242 4072 339 4135 Ὦς
376 4072 484 4141 γὰρ
514 4074 718 4125 ἐκεῖναι
764 4070 896 4123 ποτὲ
940 4071 1038 4139 μὲν
1090 4070 1203 4124 ἀνω
1239 4072 1379 4125 είσὶν
1414 4074 1474 4125 ὲν
1519 4074 1634 4135 τοῖς
1665 4072 1817 4143 δρεσι

230 4163 327 4217 διὰ
366 4164 454 4215 τὸν
490 4163 651 4231 φόϐον
681 4163 787 4215 τῶν
827 4162 1103 4232 θηρατῶν,
1144 4164 1277 4216 ποτὲ
1306 4164 1365 4216 δὲ
1408 4163 1563 4218 κάτω
1603 4167 1663 4218 ἐν
1700 4167 1819 4227 ταῖς

231 4252 456 4305 κοιλάσι
514 4252 601 4304 διὰ
653 4252 745 4304 τὸν
804 4250 969 4304 πόθον
1013 4254 1121 4304 τῶν
1163 4253 1222 4304 ὲν
1252 4253 1449 4315 αὐταῖς
1472 4269 1488 4283 ·
1539 4251 1683 4306 οὕτω
1723 4254 1818 4307 καὶ

228 4338 387 4397 οὗτοι
413 4360 427 4374 ·
461 4342 585 4395 οὔτε
614 4343 846 4395 πάντοτε
898 4345 955 4394 ὲν
991 4342 1196 4413 θεωρίᾳ
1234 4345 1578 4413 πνευματικῇ
1627 4341 1820 4396 δύναν-

228 4452 332 4489 ται
392 4430 566 4495 εἶναι,
615 4434 703 4486 διὰ
741 4433 801 4486 τὸ
839 4433 1021 4486 αὐτῶν
1072 4434 1318 4498 εὐτελέςο
1349 4433 1476 4487 οὔτε
1530 4436 1618 4489 ἀεὶ
1662 4437 1720 4488 ὲν
1748 4438 1814 4504 τῇ

1920 3326 2104 3382 smculi
2128 3341 2317 3379 amans
2350 3327 2589 3392 animus,
2618 3327 2760 3381 bona
2800 3343 2908 3381 non
2941 3327 3101 3393 vidit,
3133 3339 3190 3385 et
3212 3331 3505 3389 ambitiosa

1919 3418 2068 3471 auris
2091 3433 2200 3471 non
2217 3417 2451 3482 audivit,
2480 3433 2584 3472 nec
2612 3418 2666 3471 in
2701 3434 2797 3472 cor
2828 3418 3039 3488 Spiritu
3055 3431 3247 3477 sancto
3269 3438 3503 3478 vacuum

1918 3510 2285 3565 ascenderunt
2306 3511 2374 3562 ⁸⁵.
2429 3510 2637 3580 Nempe
2674 3510 3044 3567 arrhabones
3103 3522 3233 3567 sunt
3284 3514 3503 3570 illorum

1919 3602 2212 3664 bonorum,
2268 3614 2392 3671 quae
2423 3602 2589 3672 justis
2633 3601 2689 3655 in
2725 3602 2915 3656 futuro
2952 3602 3160 3658 Cbristi
3206 3620 3375 3676 regno
3406 3607 3506 3661 tri-

1919 3690 2181 3744 buentur.
2224 3689 2323 3753 Ae,
2358 3688 2454 3767 qui
2492 3688 2546 3742 in
2587 3688 2697 3742 illis
2738 3704 2850 3743 non
2878 3689 3186 3746 delectatur
3212 3690 3325 3762 (qui
3376 3694 3528 3749 sunt'

1918 3779 2131 3835 fructus
2170 3779 2430 3851 Spiritus)
2458 3796 2562 3835 nec
2586 3790 2646 3833 ut
2671 3780 2783 3835 illis
2814 3780 3030 3836 fruatur
3054 3785 3269 3855 assequi
3300 3793 3501 3855 potest.

1985 3957 2112 4014 209.
2145 3957 2460 4014 Colentinm
2489 3958 2764 4013 actionem
2815 3959 3178 4029 cogitationes
3221 3961 3503 4032 animique

1918 4054 2164 4108 rationes
2192 4052 2371 4106 cervis
2418 4051 2562 4106 haud
2606 4051 2889 4106 absimiles
2948 4060 3098 4107 sunt.
3131 4052 3499 4119 Quemadmo.

1918 4145 2049 4200 dum
2074 4144 2221 4198 enim
2254 4144 2425 4208 cervi,
2466 4144 2631 4197 modo
2667 4144 2938 4197 montium
2986 4145 3277 4214 superiora
3311 4154 3505 4202 tenent

1917 4235 1990 4289 ob
2034 4244 2362 4289 venatorum
2422 4243 2665 4299 metum;
2715 4234 2881 4287 modo
2929 4232 3190 4303 depressa
3235 4236 3501 4297 vallium.

1917 4345 2030 4399 quo
2074 4329 2292 4383 illarum
2333 4324 2553 4396 pascuis
2584 4324 2863 4380 desiderio
2912 4324 3259 4393 aﬂieiuntur;
3316 4328 3396 4383 sic
3450 4340 3506 4385 et

1918 4423 2045 4484 illa,
2074 4435 2179 4475 nec
2201 4434 2420 4488 semper
2453 4418 2509 4470 in
2543 4416 2779 4486 spiritali
2808 4417 3273 4486 contemplatione
3294 4420 3503 4474 versari

232 4528 470 4595 φυσικῇ,
510 4524 597 4578 διὰ
625 4526 684 4577 τὸ
719 4523 793 4595 μὴ
824 4525 922 4594 τὴν
958 4525 1266 4578 ἀνάπαυσιν
1291 4524 1512 4577 διώκειν
1553 4525 1661 4578 ἀεί.
1696 4525 1817 4578 Τῶν

1921 4518 2173 4583 possunt.
2207 4510 2373 4581 666
2392 4508 2465 4561 ob
2494 4522 2647 4561 suam
2666 4508 3026 4573 tenuitatem;
3054 4523 3155 4563 nec
3183 4509 3236 4563 in
3269 4513 3503 4565 naturali

232 4617 429 4689 μέντοι
470 4615 843 4686 θεωρητικῶν,
880 4615 1217 4682 περιπεζίων
1270 4616 1578 4687 ὑπερόπται
1608 4616 1817 4685 θεωρη-

232 4708 433 4781 μάτων
462 4708 839 4761 καθίστανται.

313 4972 401 5021 σι’.
432 4967 585 5021 Βόλοι
625 4968 723 5037 μὲν
769 4966 962 5037 δρόσου
994 4969 1091 5041 (g),
1130 4971 1235 5041 γῆς
1264 4970 1629 5042 μεθύσκουσιν
1654 4971 1821 5025 αὔλα-

210 5104 214 5106 V
313 5125 358 5157 "’
382 5124 538 5181 Cant.
573 5142 611 5191 ι,
643 5127 726 5181 l5.
806 5126 852 5160 ⁸ο
880 5126 1039 5182 Cant.
1072 5144 1130 5190 ιι,
1166 5130 1230 5195 l;
1261 5128 1407 5182 Psal.
1436 5144 1549 5192 cm,
1580 5128 1668 5182 l6.

316 5318 598 5387 (g)Bd.10t
648 5319 893 5386 δρόσου.
920 5320 1012 5374 Sic
1042 5322 1211 5375 etiam
1260 5330 1449 5377 vetera
1505 5322 1705 5377 Lexica
1755 5337 1822 5376 ex

228 5389 405 5457 Grcg.
433 5389 625 5452 citant.
664 5390 980 5461 habentque
1008 5391 1194 5461 Graaca
1228 5392 1425 5456 Biblia,
1460 5392 1622 5447 stilla:
1642 5394 1818 5458 roris;

230 5456 470 5539 ipsaque
525 5471 663 5526 adeo
718 5456 905 5527 Hebr:
936 5456 1142 5537 5:75:34
1187 5474 1245 5528 in
1297 5492 1405 5545 qua
1450 5492 1586 5545 voce
1630 5456 1811 5530 Λικιῃᾷ

229 5556 387 5627 Esra
425 5554 542 5627 vult
572 5571 609 5614 κ
655 5572 775 5611 esse
826 5556 1211 5619 formativum.
1242 5542 1401 5627 quasi
1446 5574 1476 5612 a
1512 5542 1609 5616 '7"):
1639 5573 1707 5611 ex
1754 5572 1822 5612 eo

229 5624 391 5697 quod
419 5625 577 5697 stillge
620 5627 893 5695 ejusmodi
936 5628 1187 5682 rotundae
1224 5624 1336 5683 sint
1382 5644 1447 5683 ac
1475 5627 1630 5697 quasi
1682 5642 1820 5680 con-

228 5696 463 5768 volutte.
524 5695 616 5749 Sic
653 5704 709 5749 et
765 5697 907 5768 βόλοι
940 5698 1153 5766 δρόσου.
1201 5699 1350 5767 quod
1396 5695 1555 5768 quasi
1613 5697 1822 5768 globuli

229 5764 712 5838 j_aciantu_r.__voce
732 5764 867 5838 satis
890 5764 1169 5837 ingeniose
1187 5764 1497 5838 eieogitata
1518 5764 1636 5829 τοῖς
1656 5766 1819 5821 LXX.

233 5835 315 5892 λι
342 5836 489 5904 quod
524 5835 677 5905 Xyst.
703 5837 909 5891 habent
942 5835 1121 5905 βὼλοι,
1161 5835 1519 5910 θιεὺω’τοι·ἱδ,
1560 5838 1822 5907 nullaque

447 5928 722 5993 ΡΑτιιοι..
778 5929 898 5991 Gn.
942 5930 1071 5991 XC.

1769 5126 1813 5158 "
1846 5126 2006 5181 Cant.
2038 5141 2097 5190 ll,
2129 5125 2185 5179 '5.

227 5195 284 5225 ’δ
321 5195 457 5249 Luc.
490 5212 619 5262 xvn,
648 5198 737 5251 2t.
818 5199 862 5230 ⁸⁸
889 5197 910 5252 l
936 5198 1061 5253 Cor.
1092 5215 1129 5253 ιι
1154 5198 1208 5253 9.
1285 5198 1332 5229 ⁸⁸
1355 5198 1481 5253 Job.
1520 5211 1742 5263 nxvm,
1774 5197 1865 5252 28.

1924 4618 2143 4671 semper
2167 4598 2566 4670 speculatione,
2587 4597 2739 4666 quod
2770 4614 2879 4651 non
2902 4613 3121 4667 semper
3151 4600 3503 4657 refectionem

1923 4703 2172 4764 quaerant
2202 4707 2266 4746 ac
2287 4690 2554 4759 quietem.
2585 4688 2791 4742 Eorum
2826 4702 2959 4742 vero
2990 4689 3084 4757 qui
3111 4690 3336 4745 student
3368 4707 3508 4745 eon-

1926 4784 2272 4856 templationi
2321 4781 2516 4845 animi,
2551 4779 2781 4834 humilia
2822 4796 2986 4835 sensa
3034 4782 3276 4851 proclive
3311 4793 3506 4839 conte-

1926 4886 2346 5024 Stilla:
2395 4962 2598 5022 roris"
2642 4972 2804 5018 terrm
2860 4962 3042 5017 sulcos
3094 4962 3390 5019 infundunt
3443 4950 3508 5022 ac

2292 5123 2339 5155 ⁶¹¹
2382 5121 2542 5179 Joan.
2572 5137 2685 5187 xtv,
2726 5120 2818 5177 23.
2923 5119 2970 5152 ⁸³
2999 5119 3145 5175 Psal.
3174 5134 3378 5186 xxxvn,
3417 5120 3503 5176 l7.

1929 5322 2084 5376 varia
2111 5322 2351 5377 lectione
2393 5321 2629 5389 interpr.
2674 5318 2854 5381 aﬂ'ert,
2906 5314 3115 5389 nullus
3145 5314 3352 5389 probo;
3406 5331 3509 5389 nec

1928 5392 2093 5446 video
2118 5407 2368 5461 qutenam
2402 5402 2528 5461 apta
2547 5384 2894 5461 metaphora.
2925 5386 3142 5461 utron's
3160 5384 3507 5461 stilltc.quod

1926 5453 2151 5532 Optime'
2170 5463 2415 5517 reddidit
2438 5453 2622 5530 Vulg.,
2655 5453 2917 5513 dicantur
2944 5455 3129 5527 glcbw.
3152 5453 3309 5520 Quod
3339 5457 3508 5510 etiam

1928 5561 2108 5599 massa
2154 5545 2409 5600 redditur
2440 5560 2504 5599 ea
2542 5560 2667 5605 vox,
2705 5542 2874 5611 βῶλος
2906 5540 3125 5605 σιδήρου
3165 5536 3335 5593 Eccli.
3372 5553 3508 5603 χχιι,

1928 5636 1985 5681 et
2023 5628 2189 5697 βῶλος
2222 5628 2449 5697 χρυσέα,
2477 5643 2578 5697 pro
2598 5626 2737 5697 sole,
2770 5624 2947 5697 Apoll.
3006 5620 3205 5674 Rhodii
3237 5620 3415 5697 schol.
3439 5636 3507 5697 ex

1930 5686 2383 5771 Euripidex‘njhil
2414 5686 2912 5771 congruittqtiod
2940 5706 3157 5771 massa,
3192 5690 3372 5771 magni
3408 5686 3512 5771 alis

1930 5761 2357 5837 quid'ponderis
2380 5770 2471 5831 sit,
2508 5761 2617 5821 non
2647 5761 2793 5819 exile
2821 5762 3002 5837 quid._
3022 5761 3507 5837 uti-stilltemris:

1932 5829 2165 5907 quarum
2200 5841 2433 5903 stillare,
2463 5829 2645 5907 spargi
2701 5829 2868 5891 estet
2898 5835 3029 5905 jaei,
3084 5830 3144 5882 τὸ
3197 5829 3503 5900 βάλλεσθαι.

2995 5923 3072 5983 bG
