4184 6436
249 390 389 456 N53

1417 399 1593 458 ΑΗΔ
1632 398 1735 458 EX
1771 394 2012 458 VATlC.
2055 398 2342 459 CAPITA.

3371 397 3507 461 1154

322 504 445 556 σιθ’.
497 503 572 558 0'3
616 504 813 557 ταυτὸν
855 505 1002 558 ἐστιν
1048 498 1129 567 οἷς
1178 506 1498 575 ἐσταυρώθη
1544 510 1572 559 ὁ
1601 507 1823 575 κόσμος,

1998 506 2119 561 219.
2182 508 2299 561 Non
2361 506 2505 562 idem
2550 514 2657 571 est,
2703 506 2907 577 quibus
2937 503 3178 561 mundus
3213 505 3509 560 cruciﬁxus

245 598 344 647 καὶ
373 598 570 656 οῑτινες
613 596 690 666 τῷ
722 598 913 667 κόσμῳ
951 596 1344 667 ὲσταύρωνται,
1396 599 1519 661 Τοῖς
1558 599 1656 667 μὲν
1693 598 1822 667 γὰρ,

241 679 369 757 ἧλοι
407 690 631 755 νηστεία
680 691 773 742 καὶ
818 690 1131 758 ἀγρυπνία·
1178 692 1289 753 τοῖς
1341 690 1418 752 δὲ,
1468 691 1824 760 ἀκτημοσύνη

244 780 343 830 καὶ
373 778 737 844 ἑξουδένωσις.
782 781 903 834 Τῶν
943 782 999 834 δὲ
1032 781 1298 854 δευτέρων
1336 782 1524 853 χωρὶς,
1570 784 1621 835 οἱ
1675 783 1823 834 πόνοι

240 870 359 922 ’τῶν
392 872 681 943 προτέρων
709 873 1026 941 ἀνωφελεῖς.

329 967 430 1013 σκθ.
477 963 554 1013 Οὑ
594 962 850 1032 καθαρῶς
885 963 1107 1017 δύναται
1149 964 1573 1035 προσεύξασθαι,
1612 967 1641 1018 ὁ
1676 965 1826 1034 φιλο-

242 1052 400 1122 κάλῳ
445 1055 606 1107 πάθει
666 1056 733 1125 (j)
782 1058 877 1109 καὶ
933 1057 1202 1127 φιλοτίμῳ
1252 1059 1640 1128 κρατούμενος.
1694 1058 1827 1129 Περὶ

239 1144 419 1198 ταῦτα
452 1146 561 1215 γὰρ
582 1147 638 1199 αί
670 1147 905 1216 σχέσεις,
934 1149 1025 1201 καὶ
1066 1150 1115 1200 οι
1146 1150 1243 1218 τῆς
1283 1150 1644 1219 ματαιότητος
1678 1148 1823 1216 λογι-

244 1237 378 1305 σμοὶ
402 1236 503 1307 τὴν
522 1237 831 1309 οἰκειότητα
854 1238 1088 1307 ἔχοντες,
1125 1241 1331 1309 σχοινία
1358 1240 1607 1309 καθάπερ
1630 1241 1825 1310 ἐκείνῳ

210 1384 217 1389 ι
240 1327 702 1395 περιπλεκόμενοι
726 1329 981 1395 γίνονται,
1014 1332 1403 1395 κατασπῶντες
1425 1332 1499 1394 ὡς
1519 1329 1606 1386 οἷα
1634 1350 1827 1398 στρου-

243 1416 363 1469 θίον
398 1418 681 1488 δεδεμένον
715 1420 1018 1492 ἀναπτῆναι
1064 1422 1405 1495 πειρώμενον
1445 1426 1502 1476 ὲν
1531 1424 1608 1495 τῷ
1648 1426 1827 1496 καιρῷ

240 1509 348 1578 τῆς
374 1510 558 1581 εὐχῆς.

321 1605 459 1652 σκα’.
517 1599 808 1657 ’Δδύνατον
851 1604 1130 1673 εἰρηνικὸν
1166 1604 1424 1673 γενέσθαι
1468 1605 1559 1658 τὸν
1597 1606 1721 1660 νοῦν
1770 1608 1827 1661 ὲν

241 1690 408 1760 εὐχῇ,
438 1692 768 1762 ἐγκράτειαν
796 1695 891 1748 καὶ
918 1697 1139 1765 ἀγάπην
1184 1696 1345 1767 φίλην
1374 1697 1465 1750 τὸν
1494 1698 1570 1769 μὴ
1619 1698 1829 1768 κτησά-

246 1797 433 1849 μενον.
460 1782 529 1835 Ἢ
562 1784 663 1853 μὲν
684 1784 815 1855 γὰρ,
839 1785 936 1856 τὴν
969 1786 1113 1840 κατά
1140 1788 1239 1856 τῆς
1274 1787 1456 1857 ψυχῆς
1494 1791 1557 1841 ἐκ
1590 1788 1684 1841 τοῦ
1719 1787 1826 1841 σώ-

246 1889 424 1941 ματος
444 1874 648 1946 ἔχθραν
674 1854 965 1932 καταλύειν
983 1854 1462 1951 ἐπαγωνίζεται-η
1478 1882 1555 1945 δὲ,
1575 1882 1675 1951 τὴν
1694 1883 1829 1953 πρὸς
1860 1854 1908 1915 Β

242 1966 342 2018 τὸν
379 1966 606 2036 πλησίον
644 1969 732 2023 διὰ
762 1971 854 2025 τὸν
885 1973 1038 2027 Θεόν.
1076 1972 1385 2027 Κάντεῦθεν
1414 1975 1447 2043 ἡ
1493 1975 1833 2044 ὑπερέχουσα

244 2058 431 2112 πάντα
454 2060 581 2113 νοῦν
602 2064 793 2133 εἰρήνη
815 2065 1175 2135 ὲπιδημοῦσα,
1195 2067 1364 2136 μονὴν
1395 2067 1668 2121 ποιεῖσθαι
1695 2068 1829 2139 πρὸς

244 2147 345 2201 τὸν
370 2149 573 2205 οὑτωσὶ
604 2154 1099 2225 κατειρηνεύσαντα
1128 2156 1510 2227 ἐπηγγείλατο.

327 2327 466 2398 σκβ’.
529 2329 772 2402 ’Δνάγκη
810 2330 904 2385 τοῦ
949 2333 1029 2395 είς
1076 2332 1355 2403 βασιλείαν
1393 2334 1527 2388 Θεοῦ
1569 2334 1831 2404 ἀγωνιζο-

250 2420 422 2489 μένου
444 2423 727 2489 είσελθεέν,
756 2426 1103 2495 περισσεύειν
1123 2427 1182 2477 ὲν
1206 2427 1430 2494 ἀγαθοῖς
1458 2428 1519 2480 τὸ
1546 2429 1707 2499 ἔργον
1732 2430 1832 2499 τῆς

245 2511 599 2584 δικαιοσύνης
624 2515 821 2568 αὑτοῦ*
864 2518 920 2568 ἐν
963 2516 1355 2587 ὲλεημοσύναις
1384 2519 1505 2589 μὲν,
1533 2519 1621 2573 διὰ
1642 2521 1739 2591 τῆς
1768 2522 1832 2575 ὲκ

244 2603 347 2656 τοῦ
384 2604 766 2676 ὑστερήματος
795 2609 1041 2679 παροχῆς
1065 2625 1079 2640 ⁶
1117 2610 1175 2661 ἐν
1217 2611 1399 2674 πόνοις
1425 2612 1502 2677 δὲ,
1538 2615 1649 2676 τοῖς
1690 2613 1830 2683 ὑπὲρ

243 2692 353 2762 τῆς
384 2696 632 2765 εἰρήνης,
667 2696 759 2750 διὰ
780 2697 875 2751 τοῦ
907 2699 1364 2771 ἀποστερήματος
1394 2701 1467 2772 (k)
1498 2702 1597 2772 τῆς
1628 2705 1685 2756 ὲν
1716 2706 1830 2758 Κυ-

249 2784 361 2855 ρίφ
395 2786 696 2857 ὕπομονῆς.

323 2878 465 2947 σκγ’.
514 2879 653 2933 Οὔτε
686 2882 716 2935 ὁ
757 2881 951 2948 ἐνδεῶς
981 2885 1121 2956 πρὸς
1163 2885 1365 2963 ἀρετήν
1398 2885 1537 2956 ἔχων
1593 2887 1681 2942 διὰ
1732 2890 1831 2960 τὴν

246 2969 533 3041 ἀμέλειαν,
588 2973 713 3027 οὔτε
757 2978 787 3029 ὁ
830 2977 1098 3047 περιττῶς
1150 2977 1241 3031 διὰ
1289 2977 1389 3048 τὴν
1435 2979 1634 3051 οἴησιν,
1698 2983 1831 3036 εἴσω

244 3061 472 3132 λιμένος
486 3065 582 3117 τοῦ
610 3068 751 3121 κατά
783 3068 880 3138 τὴν
917 3068 1186 3124 ἀπάθειαν
1234 3069 1636 3141 εὑρεθήσονται.
1668 3074 1830 3127 Οὐδέ-

243 3157 543 3255 ⁴τερος-,γὰρ
570 3157 679 3210 τῶν
704 3162 768 3213 ἐκ
798 3161 1149 3233 δικαιοσύνης
1184 3166 1244 3218 ἐν
1273 3163 1568 3217 ἀπολαύσει
1602 3166 1828 3234 γέγονεν
1857 3196 1900 3255 C

244 3244 495 3312 ἀγαθῶν,
540 3250 811 3315 μεσίτιδος
847 3253 1241 3327 εὑρισκομένης
1277 3259 1481 3325 αὐτοῖς,
1540 3258 1828 3328 ἐλλείψεως

250 3336 348 3388 καὶ
367 3338 695 3409 ὑπερΰολῆς.

322 3428 455 3483 σκᾶ.
482 3429 620 3486 Οὔτε
655 3434 687 3503 ἡ
716 3436 787 3505 γῆ
822 3437 871 3488 εἰ
912 3435 987 3506 μή
1020 3438 1426 3494 πολυπλασίονα
1478 3443 1555 3512 τῷ
1594 3445 1827 3516 γεωργῷ

246 3517 345 3571 τὸν
372 3520 537 3575 πόνον
566 3524 881 3595 χαρίσηται,
917 3528 1149 3601 εὔπορον
1194 3534 1289 3586 καὶ⁸
1322 3535 1541 3607 ἀνενδεῆ
1583 3539 1830 3609 ἀπεργὰ⁹

249 3615 612 3701 πταιγαὺτὸν,
643 3619 804 3686 μόνον
845 3620 937 3672 τὸν
992 3624 1195 3692 σπόρον
1240 3630 1614 3698 παρεχομένη,
1736 3630 1829 3682 καὶ

249 3700 461 3768 μικράν
522 3720 643 3756 τινα
690 3706 1051 3779 προσθήκην’
1116 3710 1240 3765 οὗτε
1298 3714 1377 3785 τῷ
1425 3700 1715 3787 πρακτικῷ
1768 3716 1829 3769 τὸ

246 3791 548 3861 ἀνυόμενον
574 3796 755 3867 ἔργον,
788 3800 836 3852 εί
888 3801 963 3871 μὴ
1018 3806 1265 3874 κρεῖττον
1310 3810 1407 3877 τῆς
1454 3810 1830 3880 προαιρέσεως

246 3881 419 3935 αὑτοῦ
450 3886 484 3955 ή
524 3888 731 3959 σπουδὴ
775 3891 1051 3964 εὑρεθείη,
1107 3895 1245 3965 πρὸς
1298 3896 1391 3950 τὸν
1446 3898 1579 3953 Θεὸν
1619 3899 1829 3955 δίκαιον

246 3974 670 4045 ἀπεργάσασθαι
695 3982 945 4039 δύναται.

319 4162 455 4210 σκέ.
483 4157 623 4211 Οὔτε
657 4160 859 4225 πάντες
906 4164 956 4216 οί
990 4164 1066 4236 μὴ
1094 4166 1420 4235 ἀγαπῶντες
1466 4167 1559 4221 τὸν
1602 4169 1831 4241 πλησίον

252 4248 431 4315 μισεῖν
452 4248 743 4301 δύνανται’
792 4251 918 4306 οὔτε
956 4256 1007 4307 οἱ
1048 4256 1123 4327 μὴ
1165 4258 1452 4326 μισοῦντες
1481 4260 1643 4313 αὑτὸν
1689 4262 1829 4329 ἀγα-

246 4336 360 4404 πᾷν
381 4351 397 4364 ο
424 4336 519 4390 καὶ
547 4338 677 4391 ἄλλο
712 4340 813 4409 μέν
861 4343 1000 4409 ἔστι,
1040 4344 1102 4397 τὸ
1141 4345 1454 4414 βασκαίνειν
1492 4349 1699 4403 ἐκείνου
1732 4350 1831 4420 τὴν

247 4426 489 4498 ἀρετήν’
513 4428 701 4500 ἕτερον
723 4432 781 4485 δὲ
812 4433 876 4486 τὸ
910 4434 984 4505 μὴ
1015 4436 1264 4505 ἐμποδὼν
1284 4438 1432 4508 αὑτῷ
1480 4441 1832 4508 εὑρίσκεσθαι

1932 606 2036 659 est.
2071 608 2128 653 et
2165 601 2259 669 qui
2297 600 2505 655 mundo
2531 602 2781 655 cruciﬁxi
2817 599 3029 656 sunt“.
3066 600 3203 655 Nam
3240 597 3349 652 illis
3380 597 3506 668 qui-

1933 687 2057 741 dem
2088 690 2227 742 clavi
2258 700 2408 753 sunt,
2440 689 2715 760 jejunium
2759 699 2815 742 et
2842 689 3075 757 vigilire;
3112 688 3202 740 his
3232 701 3384 752 vero,
3419 700 3509 739 re-

1933 797 2053 834 rum
2091 782 2366 835 abdicatio
2419 797 2484 836 ac
2539 782 2625 835 sui
2667 788 3036 848 contemptus.
3086 780 3260 832 Porro
3299 776 3508 846 absque

1932 870 2209 931 secundis,
2234 870 2480 938 priorum
2514 870 2731 923 labores
2754 868 2959 921 nullius
2986 874 3115 919 sunt
3138 866 3327 934 frugis.

2000 960 2123 1015 220.
2164 962 2281 1015 Νοιι
2328 970 2507 1030 potest
2534 977 2675 1030 pura
2714 968 2898 1014 mente
2929 973 3113 1022 orare,
3150 958 3245 1026 qui
3288 957 3510 1028 elegan-

1932 1053 2090 1110 tioris
2147 1054 2331 1108 cultus
2389 1054 2724 1122 honorisque
2780 1053 2979 1107 affectu
3042 1060 3284 1105 tenetur.
3351 1050 3509 1104 Circa

1934 1145 2048 1199 lucc
2076 1146 2221 1199 enim
2258 1146 2520 1200 libidines
2551 1161 2813 1214 variaeque
2849 1144 3211 1213 cogitationes
3245 1158 3371 1197 cum
3415 1157 3515 1195 ne-

1932 1238 2324 1291 cessitudincm
2348 1237 2609 1300 habeant,
2636 1237 2786 1290 velut
2811 1235 3044 1289 funiculi
3071 1236 3121 1288 ei
3152 1232 3509 1304 circumplexi

1934 1323 2092 1387 ﬁunt,
2126 1326 2424 1393 passerculi
2480 1326 2535 1378 in
2592 1341 2803 1379 morem
2851 1325 3209 1379 detrahentes
3263 1334 3511 1393 tempore

1932 1416 2221 1481 orationis,
2254 1416 2382 1470 dum
2424 1417 2644 1471 evolare
2669 1418 2887 1470 nititur.

1999 1607 2125 1662 221.
2158 1606 2302 1661 Fieri
2333 1622 2441 1660 non
2470 1615 2652 1676 potest
2692 1614 2755 1660 ut
2787 1621 2943 1659 mens
2964 1605 3018 1658 in
3046 1604 3296 1658 oratione
3316 1610 3511 1673 pacata

1932 1699 2025 1762 sit,
2047 1698 2155 1753 nisi
2190 1698 2584 1752 continentiam
2614 1714 2677 1753 ac
2703 1698 3054 1753 dilectionem
3091 1696 3321 1750 amicam
3365 1695 3513 1748 obti-

1933 1798 2078 1845 neat.
2140 1791 2219 1845 Ac
2263 1791 2489 1860 quidem
2548 1789 2638 1844 illa
2683 1792 2807 1859 quae
2837 1804 2904 1843 ex
2954 1804 3187 1858 corpore
3248 1788 3517 1842 adversus

1933 1880 2191 1945 animam,
2213 1881 2500 1936 inimicitia
2520 1888 2627 1945 est,
2646 1880 2833 1936 studet
2855 1880 3155 1935 dissolvere
3174 1896 3187 1945 ,
3223 1879 3339 1933 haec
3356 1894 3512 1942 vero,

1935 1985 2055 2040 quae
2077 1970 2341 2025 adversus
2362 1971 2670 2045 proximum
2700 1980 3022 2041 estpropter
3041 1970 3235 2025 Deum.
3250 1969 3513 2039 Indeque.

1933 2077 2055 2131 qua:
2085 2078 2304 2117 onmem
2351 2078 2574 2117 sensum
2604 2077 2933 2133 exsuperat,
2968 2078 3075 2133 pax
3120 2062 3425 2117 adveniens
3443 2062 3512 2126 ⁸³,

1933 2151 2278 2206 mansionem
2316 2168 2376 2208 se
2406 2153 2674 2208 facturam
2706 2153 2951 2223 pollicita
2975 2162 3061 2208 est
3085 2154 3152 2219 ’°,
3181 2152 3328 2222 apud
3360 2168 3511 2217 eum,

1934 2242 2028 2313 qui
2050 2258 2117 2296 eo
2142 2259 2199 2298 se
2231 2244 2415 2308 modo,
2450 2260 2656 2314 suaque
2695 2260 2828 2313 pace
2854 2245 3248 2314 composuerit.

2002 2335 2128 2389 222.
2176 2334 2413 2389 Necesse
2450 2343 2556 2400 est,
2586 2343 2648 2388 ut
2673 2338 2795 2405 ejus
2826 2334 2921 2404 qui
2973 2335 3257 2390 contendit
3304 2335 3514 2389 intrare

1932 2426 1990 2480 in
2024 2442 2252 2496 regnum
2304 2426 2488 2490 Dei“,
2540 2441 2681 2496 opus
2714 2426 2769 2480 in
2804 2427 2968 2481 bonis
2995 2425 3277 2490 abundet;
3315 2440 3515 2494 nempe

1933 2517 1988 2573 in
2020 2518 2405 2590 eleemosynis,
2434 2518 2731 2588 praebendo
2763 2533 2831 2573 ex
2855 2533 2923 2573 eo
2948 2517 3097 2587 quod
3146 2517 3224 2571 illi
3249 2517 3405 2571 deest
3422 2516 3467 2548 "
3495 2531 3510 2570 :

1931 2611 1985 2665 in
2019 2610 2302 2665 laboribus
2326 2626 2479 2674 vero,
2525 2610 2677 2680 pacis
2703 2626 2890 2674 causa,
2944 2626 3043 2679 per
3067 2609 3190 2681 ejus
3229 2608 3514 2679 patientiae

1930 2702 2337 2758 fraudationem
2369 2719 2492 2773 quae
2517 2703 2573 2758 in
2605 2703 2841 2758 Domino
2861 2713 2966 2759 est.

2000 2880 2124 2936 225.
2153 2880 2265 2935 Nec
2295 2880 2389 2951 qui
2417 2879 2485 2934 ad
2521 2880 2808 2943 virtutem,
2837 2895 2947 2949 qua
2983 2879 3237 2934 socordia
3269 2878 3509 2940 laborat.

1929 2974 2115 3028 minus
2141 2973 2329 3038 habet,
2354 2988 2458 3027 nec
2491 2973 2584 3041 qui
2620 2972 2896 3042 superflue
2921 3012 2935 3036 ,
2968 2987 3076 3041 qua
3124 2972 3315 3026 itidem
3364 2971 3514 3025 inani

1929 3065 2346 3119 existimatione
2396 3079 2461 3119 ac
2492 3064 2775 3133 jactantia,
2823 3064 2965 3117 intra
3000 3062 3517 3133 imperturbationis

1930 3166 2155 3225 portum
2205 3164 2480 3209 occurret.
2528 3154 2735 3209 Neuter
2777 3155 2926 3209 enim
2978 3154 3251 3208 bonorum
3288 3154 3516 3222 justitite

1930 3263 2156 3317 compos
2185 3247 2427 3310 exstitit,
2452 3246 2658 3316 quippe
2687 3261 2814 3300 cum
2848 3245 3012 3299 ambo
3048 3243 3296 3299 defectus
3321 3258 3514 3298 exces-

1931 3354 2134 3408 susque
2162 3340 2318 3409 juxta
2342 3337 2783 3392 mediocritatem
2820 3352 2929 3390 non
2964 3335 3298 3390 invenerint.

1998 3429 2123 3482 224.
2159 3427 2270 3482 Nec
2309 3435 2453 3481 terra
2479 3468 2493 3491 ,
2526 3427 2633 3482 nisi
2690 3426 2982 3495 multiplici
3034 3434 3220 3495 segete
3264 3423 3516 3495 agricola:

1929 3520 2173 3574 laborem
2206 3519 2603 3583 cumulaverit,
2639 3519 2759 3588 ejus
2784 3518 2919 3573 satis
2965 3516 3324 3586 indigentiam
3357 3515 3514 3569 leva-

1930 3612 2030 3675 bit,
2063 3628 2127 3667 ae
2152 3611 2385 3681 penuria
2403 3626 2531 3667 eum
2561 3610 2820 3665 liberabit
2855 3611 2998 3682 (qua:
3032 3611 3244 3667 scilicet
3292 3625 3516 3666 semen-

1930 3716 2063 3769 tem,
2101 3720 2199 3760 seu
2221 3705 2688 3774 etiam.exiguum
2714 3704 2850 3774 quid
2904 3705 3055 3759 illius
3096 3707 3516 3758 auctoramento

1931 3796 2283 3869 praebuerit),
2329 3799 2408 3853 sic
2460 3812 2563 3852 nec
2591 3796 2738 3866 quod
2783 3795 2996 3849 activus
3029 3811 3167 3865 opus
3192 3795 3515 3862 facinusque

1930 3890 2184 3954 ediderit,
2229 3891 2441 3960 justum
2485 3904 2614 3944 eum
2662 3889 2808 3958 apud
2837 3889 3006 3942 Deum
3038 3887 3270 3942 reddere
3310 3893 3513 3956 potest,

1930 3983 2036 4037 nisi
2074 3983 2193 4053 ejus
2221 3983 2504 4037 voluntate
2550 3997 2617 4037 ac
2666 3981 2954 4052 proposito
3000 3980 3287 4051 diligentia
3339 3978 3515 4049 major

1930 4075 2121 4130 fuerit.

2001 4166 2126 4221 225.
2164 4166 2278 4221 Nec
2310 4180 2503 4220 omnes
2529 4166 2625 4235 qui
2656 4180 2767 4220 non
2792 4165 3034 4235 diligunt
3070 4164 3406 4234 proximum,
3438 4161 3519 4230 ip-

1933 4274 2054 4314 sum
2087 4257 2268 4312 odisse
2298 4265 2559 4327 possunt;
2608 4272 2713 4311 nec
2744 4256 2841 4326 qui
2887 4272 2998 4310 non
3043 4255 3305 4317 oderunt,
3343 4254 3515 4323 ipsam

1932 4350 2181 4420 diligere.
2234 4347 2509 4416 Aliudque
2555 4346 2723 4417 668
2750 4356 2835 4400 est
2860 4345 3110 4400 invidere
3144 4346 3266 4415 ejus
3292 4342 3515 4406 virtuti,

1934 4441 2195 4509 aliudque
2244 4454 2355 4493 non
2410 4437 2488 4491 illi
2525 4436 2821 4491 obstaculo
2853 4451 3013 4501 esse,
3061 4437 3196 4505 quin
3246 4434 3513 4504 proﬁciat.

247 4517 389 4587 πρὸς
435 4522 740 4593 προκοπήν.
797 4523 1067 4596 Ἐσχὰτης
1116 4526 1173 4579 δὲ
1224 4529 1421 4592 κακίας
1471 4530 1829 4601 εὑρεῡήσεται

1936 4532 2209 4585 Extremas
2257 4544 2391 4584 vero
2446 4527 2668 4582 malitiae
2720 4527 2922 4598 gradus
2972 4528 3307 4592 invenietur,
3368 4525 3519 4596 quod

252 4676 371 4800 nr
398 4676 583 4801 falat.
610 4696 688 4747 γι,
726 4681 814 4735 14.
888 4680 936 4716 ⁸⁸
962 4683 1201 4754 Philipp°
1248 4701 1322 4749 IV,
1368 4688 1420 4740 7.

346 4788 362 4815 ’
398 4788 452 4802 το

324 4903 385 4973 (Ῑ
403 4903 421 4974 )
459 4904 521 4986 ’9
562 4907 873 4987 φιβφιάοζφ
899 4907 1092 4963 πάθει.
1127 4909 1286 4975 Quod
1342 4910 1621 4987 φιλοκάλῳ
1648 4912 1709 4965 τὸ
1739 4931 1826 4982 φι-

244 4973 468 5052 λότιμον
484 4973 666 5052 jungit
689 4973 978 5052 Maximus,
1008 4973 1337 5049 argumento
1356 4973 1475 5052 test,
1505 4973 1667 5037 sic'in
1698 4973 1826 5052 par-

248 5053 362 5121 tetn
407 5045 537 5121 vitii
576 5045 723 5121 illud
745 5063 1033 5121 usurpare,
1071 5045 1132 5121 ut
1175 5050 1519 5121 superfluum
1562 5045 1829 5108 duntaxat

247 5114 460 5195 cultum
488 5114 929 5195 elegantiamque
960 5114 1262 5195 signiﬁcet;
1287 5122 1446 5195 cujus
1488 5139 1643 5178 amor
1662 5124 1828 5177 etiam

250 5186 443 5256 iisqui
474 5186 539 5238 ad
564 5186 1152 5256 pietatem—exercent,
1184 5186 1471 5247 obstaculo
1520 5208 1643 5249 esse
1692 5195 1831 5249 solet

248 5254 592 5332 sublimioris
616 5258 833 5332 volatus
856 5260 911 5313 in
948 5261 1233 5328 oratione;
1288 5264 1569 5332 quomodo
1609 5265 1679 5318 ab
1727 5265 1833 5318 lle-

250 5324 457 5407 sy'chio.
500 5326 582 5391 τὸ,
625 5328 932 5393 φιλόκαλος,
966 5324 1623 5407 φιλόκοσιλοςέξροζιίωι·
1662 5350 1829 5389 :cum

248 5394 458 5464 alioqui
502 5412 565 5450 ea
617 5413 725 5451 vox
777 5394 1128 5454 communitis
1180 5394 1340 5455 sonet
1384 5394 1439 5457 in
1482 5405 1710 5466 bonum,
1769 5420 1833 5459 ac

252 5478 357 5543 pro
395 5466 612 5543 honesti
646 5468 898 5524 studioso
930 5472 1263 5543 accipiatur:
1297 5474 1631 5543 quandoque
1660 5475 1829 5529 etiam

252 5534 473 5610 dicatur
505 5537 573 5591 de
596 5554 786 5610 amore
812 5534 1129 5610 corporum.
1160 5542 1252 5597 Sic
1276 5534 1565 5609 φὶλοκαλίᾶ.
1616 5543 1829 5599 Socrati

252 5604 492 5683 objecta,
533 5622 597 5662 ac
628 5604 1161 5683 si_dictumgfuisset
1225 5604 1607 5680 παιδεραστία.
1657 5613 1821 5683 Greg.

254 5674 338 5752 de_
353 5692 566 5752 pavone
588 5680 1015 5752 perindeiambo
1042 5682 1157 5736 haec
1209 5674 1496 5752 conjunxit
1535 5674 1823 5751 φιλόκαλον

255 5745 372 5826 καὶ.
406 5745 720 5817 φιλότιμον·
778 5751 847 5805 ad
906 5752 1209 5826 notandum
1259 5745 1460 5809 animal
1511 5745 1822 5823 pulchritu-

255 5812 671 5887 dinis'atnans,
705 5836 880 5891 eaque
920 5821 1026 5878 sibi
1064 5824 1285 5893 placens
1320 5839 1383 5880 ac
1436 5812 1821 5891 ambitiosum;

1524 4688 1573 4720 "
1620 4688 1778 4744 Joan.
1821 4705 1930 4756 xxv,
1960 4689 2049 4743 25.

2152 4690 2202 4721 ⁸⁸
2238 4688 2432 4741 Matth.
2480 4702 2534 4752 ν,
2566 4686 2658 4741 20.
2763 4687 2809 4719 ⁹¹
2866 4687 3032 4741 Marc.
3073 4703 3169 4749 xu,
3224 4688 3322 4753 M;
3382 4687 3517 4740 Luc.

1930 4929 1998 4969 ex
2040 4930 2151 4983 quo
2178 4914 2444 4970 Maximus
2464 4913 2765 4970 transferre
2789 4914 2971 4984 potuit
3001 4914 3057 4968 in
3096 4927 3281 4970 mores
3338 4912 3521 4968 homi-

1931 5000 2089 5038 num.

2006 5054 2078 5124 (k)
2135 5054 2236 5106 Διὰ
2289 5053 2397 5106 τοῦ
2443 5054 2959 5122 ἀποστερήματος.
3008 5054 3220 5112 Sensus
3270 5054 3515 5118 videtur,

1935 5123 2021 5178 sic
2052 5124 2340 5195 colendam
2384 5139 2570 5193 pacem
2614 5140 2740 5178 cum
2777 5125 3049 5194 proximo,
3094 5137 3155 5181 ut
3184 5126 3303 5195 ejus
3352 5140 3517 5179 causa

1938 5209 2157 5267 omnem
2191 5194 2392 5267 inLeutn
2419 5194 2740 5267 patientiam
2783 5195 3170 5267 exhibeamus,
3218 5194 3383 5265 eujus
3416 5196 3518 5265 ipsi

1938 5264 2101 5318 nobis
2140 5264 2193 5317 in
2224 5262 2448 5318 Christo
2482 5265 2562 5318 rei
2591 5281 2809 5329 sumus;
2856 5281 3132 5321 summam
3156 5262 3411 5329 scilicet,
3437 5262 3521 5319 _ut

1937 5335 2093 5403 quasi
2120 5334 2395 5407 fraudatio
2429 5332 2757 5407 Christiana:
2794 5336 2861 5407 in
2910 5337 3072 5407 nobis
3127 5337 3402 5407 patientiae
3427 5336 3518 5399 sit,

1939 5420 2034 5458 seu
2059 5420 2126 5458 ex
2158 5404 2248 5476 illa
2283 5405 2623 5476 subtractio,
2659 5406 2806 5474 quod
2832 5407 2913 5460 sic
2945 5406 2999 5461 in
3060 5404 3212 5461 illum
3244 5408 3520 5476 patientes

1939 5490 2149 5546 sumus.
2182 5475 2336 5528 Sicut
2369 5482 2433 5546 et
2464 5474 2738 5529 fraudatio
2770 5477 2950 5531 victus
2998 5479 3178 5532 viduae
3211 5474 3335 5539 fuit,
3373 5477 3519 5546 quod

1940 5545 2051 5599 duo
2083 5545 2292 5617 minuta
2314 5545 2379 5596 ad
2427 5546 2795 5617 necessarium
2824 5562 2982 5600 usum
3046 5549 3315 5617 reposita,
3348 5545 3430 5601 sic
3464 5548 3518 5600 in

1938 5614 2387 5686 gazophylacium
2452 5615 2692 5686 miserit;
2758 5632 2867 5669 non
2921 5614 3199 5686 superflua
3263 5618 3515 5682 mittens,

1932 5684 2010 5739 uti
2038 5684 2258 5757 divites.
2302 5685 2397 5738 sed
2431 5686 2495 5738 ὲκ
2539 5684 2629 5757 τού
2678 5684 3053 5756 ὑστερήματος
3096 5690 3264 5757 αὐτῆς
3317 5688 3519 5755 πάντα,

1933 5756 2190 5825 quidquid
2224 5756 2277 5807 in
2317 5771 2525 5809 summa
2564 5755 2664 5809 illa.
2696 5755 2922 5828 egestate
2948 5758 3030 5812 illi
3086 5755 3414 5830 suppetebat.
