4184 6436
257 344 390 412 1457

249 552 524 621 χωροῦσιν
554 552 765 604 ἔνδοθεν
798 551 894 603 τοῦ
937 552 1158 618 λογικοῦ
1193 554 1515 622 ἀμπελῶνος
1549 556 1624 617 ὼς
1662 558 1829 626 θηρία

248 644 376 704 τοὺς
412 643 707 712 λογισμοὺς
738 639 1084 710 είσὲρχεσθαι
1105 681 1120 702 ,
1150 643 1244 694 καὶ
1266 642 1376 694 τῶν
1402 645 1613 696 ἐκείνου
1648 647 1706 697 ὲν
1737 646 1832 697 λύ-

254 750 330 801 μῃ
362 732 716 784 καθίστασθαι
747 749 759 760 ·
791 733 841 783 οἱ
886 733 942 784 δὲ
977 731 1360 794 συνδυάζονται
1385 733 1460 803 (τι)
1489 736 1607 802 μὲν,
1646 735 1830 798 ἁπλῶς

249 821 307 872 δὲ
345 822 689 891 είσζρχεσθαι
720 823 915 885 αὐτοὺς
949 824 1343 893 συγχωροῦσιν,
1376 826 1452 895 μὴ
1475 826 1744 880 ἅπτεσθαι
1773 829 1852 880 δὲ·

255 913 480 981 μηδενὸς
512 915 620 964 τῶν
650 913 831 966 αὐτῶν
867 929 880 942 ·
915 915 964 967 οἳ
996 915 1092 968 καὶ
1136 915 1311 982 ἡδέως
1350 917 1448 984 μὲν
1479 919 1830 988 συνομιλοῦσι

251 1008 365 1067 τοῖς
395 1005 590 1057 πάθεσι
615 1005 700 1058 διὰ
733 1006 846 1058 τῶν
885 1006 1196 1076 λογισμῶν,
1229 1011 1308 1072 είς
1340 1010 1744 1077 συγκατάθεσιν
1773 1012 1830 1064 δὲ

257 1097 333 1165 μὴ
391 1099 700 1166 ἐρχόμενοι,
733 1099 1100 1167 ώμοιώθησαν
1131 1103 1244 1162 τοῖς
1292 1102 1490 1154 ἐάσασι
1523 1102 1613 1154 τὸν
1647 1103 1831 1171 μονιὸν

252 1183 462 1236 ἔνδοθεν
491 1186 589 1253 μὲν
608 1185 700 1237 τοῦ
733 1185 990 1256 φραγμοῦ
1023 1187 1308 1251 εἰσελθεῖν,
1335 1191 1391 1242 ὲν
1416 1191 1564 1260 κόρῳ
1591 1191 1646 1242 δὲ
1671 1192 1832 1246 αὐτὸν

252 1273 365 1328 τῶν
401 1275 496 1328 τοῦ
525 1277 847 1346 ἀμπελῶνος
879 1278 1134 1344 γενέσθαι
1169 1279 1412 1350 βοτρύων
1447 1283 1520 1351 μὴ
1551 1284 1834 1353 συγχωρή-

256 1385 414 1422 σασιν
444 1383 456 1395 °
491 1363 608 1419 εἶτα
639 1363 797 1438 εὗρον
824 1368 984 1420 αὑτὸν
1016 1370 1114 1440 τῆς
1145 1370 1354 1422 ἑαυτῶν
1375 1370 1658 1440 δυνάμεως
1685 1374 1834 1440 ίσχυ-

258 1462 498 1532 ρὸτερον,
525 1459 574 1511 οἱ
603 1461 662 1511 ὲν
693 1460 1090 1526 συγκαταθέσει
1132 1461 1390 1524 πολλάκις
1437 1462 1628 1514 παθῶν
1678 1464 1833 1533 εὑρι-

254 1551 537 1619 σκόμε·.οι.

329 1641 462 1711 σλγ’.
501 1643 668 1696 υΰπω
697 1644 933 1712 ἔφθασεν
962 1645 1040 1706 είς
1073 1643 1373 1712 ἁπλότητα,
1407 1647 1434 1697 ὁ
1472 1644 1551 1696 ἔτι
1579 1645 1830 1714 δεόμενος

256 1736 580 1805 ἐπιμελείας
634 1736 889 1806 φραγμοῦ
921 1735 1015 1788 τοῦ
1064 1739 1206 1789 κατά
1241 1736 1341 1804 τὴν
1386 1735 1732 1805 ἐγκράτειαν.
1773 1736 1830 1789 'U

249 1829 458 1890 τέλειος
500 1828 630 1898 γὰρ,
663 1830 849 1896 φησὶν,
887 1829 988 1879 οὐκ
1020 1827 1434 1898 ἐγκρατεύεται·
1464 1828 1605 1880 ἔοικε
1643 1827 1700 1879 δέ
1727 1845 1832 1880 τινι

252 1920 432 1989 ἔχοντι
462 1919 726 1988 ἄμπελον,
759 1920 792 1990 ἢ
822 1919 1084 1989 ἄρουραν,
1113 1920 1176 1972 ού
1201 1921 1362 1988 μέσον
1392 1919 1598 1972 πολλῶν
1659 1918 1834 1972 ἄλλων

252 2011 594 2081 ἀμπελώνων
611 2012 704 2066 καὶ
723 2010 934 2082 χώρων,
951 2010 1066 2063 ἀλλ’
1082 2013 1139 2063 ὲν
1165 2014 1338 2082 γωνίᾳ
1355 2029 1477 2064 που’
1497 2012 1589 2064 καὶ
1606 2011 1692 2062 διὰ
1714 2009 1837 2064 τοῦτ

251 2120 316 2158 το
337 2103 575 2173 δεομένῳ
601 2102 805 2171 πολλῆς
822 2102 920 2172 τῆς
944 2102 1189 2172 φυλακῆς
1223 2104 1319 2156 καὶ
1345 2104 1441 2172 τῆς
1473 2102 1709 2173 νήψεως.
1728 2101 1832 2154 Τοῦ

253 2199 364 2267 γὰρ
403 2198 482 2258 είς
525 2195 806 2264 ἁπλότητα
843 2195 1173 2263 φθάσαντος,
1209 2197 1276 2248 ὲκ
1316 2195 1516 2259 παντὸς
1554 2195 1834 2262 ἀνέπαφος

252 2293 290 2361 ή
315 2287 557 2358 ἄμπελος
588 2287 814 2356 γίνεται,
844 2286 1106 2355 βασιλέως
1142 2287 1394 2359 καθάπερ
1427 2288 1461 2357 ἦ
1486 2303 1630 2349 τινος
1666 2286 1827 2339 ἄλλου

253 2379 832 2453 παραδυναστεύοντος
869 2378 1125 2448 φοϐεροῦ,
1167 2380 1262 2432 καὶ
1312 2379 1482 2448 μόνης
1520 2377 1580 2442 ὲξ
1638 2377 1832 2446 ἀκοῆς,

251 2475 382 2537 τούς
441 2491 501 2527 τε
556 2474 800 2534 κλέπτας
843 2473 934 2525 καὶ
971 2471 1267 2542 παροδίτας
1314 2469 1835 2542 παρασκευάζοντος

254 2567 504 2638 φρίττειν
532 2568 632 2635 τὴν
666 2564 1032 2636 ἐπιχείρησιν.

327 2739 456 2796 σλδ⁹.
485 2737 676 2790 Πολλοὶ
708 2736 806 2806 μὲν
861 2736 941 2798 είς
978 2733 1068 2787 τον
1107 2734 1204 2805 τῆς
1255 2735 1622 2802 κακοπαθείας
1658 2756 1821 2794 σταυ-

255 2832 346 2903 ρὸν
366 2833 438 2899 (ο)
457 2829 797 2898 ἀνέρχονται·
828 2824 997 2891 ὀλίγοι
1019 2824 1074 2876 δὲ
1107 2825 1233 2886 τοὺς
1261 2825 1424 2894 ἥλους
1468 2828 1634 2881 αὑτοῦ
1664 2847 1834 2885 κατα-

251 2921 500 2989 δέχονται
533 2935 548 2949 ·
592 2915 983 2985 προαιρετικῆς
1017 2914 1116 2984 μὲν
1147 2915 1461 2979 εὐπειθείας
1480 2918 1657 2972 δοῦλοι
1692 2922 1836 2974 πολ-

251 3016 336 3067 λοί
374 3030 388 3044 ·
423 3011 787 3082 ἀπροαιρὲτου
827 3008 884 3060 δὲ
907 3006 1194 3077 αἰσχύνης,
1236 3007 1387 3078 μόνοι
1422 3013 1471 3063 οἱ
1512 3012 1574 3064 τὸ
1625 3013 1832 3082 φιλότι-

255 3124 357 3178 μον
395 3103 798 3164 καταλύσαντες

329 3197 455 3252 σλε⁹.
492 3197 707 3257 Πάντας
742 3194 838 3263 μὲν
874 3193 1002 3256 τοὺς
1029 3193 1390 3262 δερματίνους
1424 3194 1664 3262 χιτῶνας
1693 3197 1824 3249 πολ-

250 3291 338 3344 λοὶ
365 3288 700 3352 ἐξεδύσαντο-
719 3285 794 3347 ὡς
815 3283 1040 3353 ἔσχατον
1059 3283 1114 3335 δὲ
1141 3282 1232 3335 τὸν
1251 3283 1347 3353 τῆς
1374 3283 1700 3348 κενοδοξίας.
1733 3287 1831 3356 μό-

323 3427 372 3461 ⁹³
402 3426 543 3481 Psal.
574 3439 752 3488 Lxxlx,
792 3424 877 3478 14.

250 3543 543 3614 ἀπάθειαν,
571 3549 625 3614 et
675 3555 814 3609 quos
847 3547 1005 3614 vocat
1029 3540 1336 3614 ἡδυπαθεῖςσ
1365 3543 1458 3614 qui
1499 3551 1555 3596 et
1600 3544 1813 3614 jacten-

252 3629 349 3672 tur
401 3612 750 3679 ἐπιθυμίαις,
803 3610 1208 3678 cupiditatibus,
1267 3611 1556 3666 desideriis.
1601 3610 1814 3668 VPortus

248 3687 426 3746 enim,
454 3683 507 3734 in
537 3698 649 3750 quo
678 3690 792 3734 tuta
821 3680 892 3732 sit
912 3695 976 3732 ac
1006 3681 1305 3748 tranquilla
1334 3683 1518 3744 statio,
1551 3684 1820 3746 ἀπαθείας

255 3755 434 3825 magis
451 3753 728 3825 videatur,
762 3751 817 3803 in
841 3765 947 3825 qua
972 3765 1080 3803 non
1114 3752 1185 3825 sit
1209 3751 1360 3825 _ullis
1386 3753 1584 3825 jactari
1637 3755 1823 3825 ﬂueti-

252 3820 382 3889 hus',
416 3821 757 3880 σαλεύεσθαι,
807 3820 900 3872 sed
943 3835 1073 3888 pace
1116 3820 1222 3873 frui
1259 3837 1324 3874 ae
1363 3820 1674 3890 quiescere.
1708 3824 1823 3877 Nisi

254 3897 399 3950 forte
435 3895 538 3946 hoc
563 3893 680 3944 vult
709 3891 994 3952 Maximus,
1035 3905 1252 3944 omnem
1285 3901 1527 3946 nostram
1561 3893 1649 3947 hic
1681 3894 1826 3946 ἀπά-

254 3966 430 4026 θειαν,
470 3961 926 4030 temperationem
961 3960 1255 4026 quamdam
1289 3976 1410 4014 esse
1444 3962 1742 4015 affectuum
1774 3972 1830 4016 et

259 4032 698 4105 μετριοπάθειαν-⁸
739 4045 974 4098 quorum
1015 4039 1324 4105 motusnec
1347 4033 1605 4105 perlectis
1627 4033 1828 4105 desint,

255 4100 727 4172 illisquejactari.
754 4115 881 4172 eum
919 4109 1183 4172 tamense
1211 4100 1317 4172 illis
1354 4102 1554 4172 abduci
1599 4104 1829 4156 minime

255 4176 444 4229 sinant
463 4215 476 4235 ,
499 4170 725 4239 isintque
750 4170 899 4223 velut
926 4170 1079 4223 navis
1104 4170 1217 4238 ipsa
1246 4170 1298 4222 in
1343 4171 1583 4225 anchora
1610 4173 1831 4224 σαλευο-

262 4247 421 4313 μένη,
471 4251 586 4296 tum
618 4240 782 4313 etiam
806 4255 930 4313 cum
977 4249 1198 4313 portum
1238 4239 1458 4313 videtur
1503 4251 1691 4296 tenere
1715 4260 1738 4313 :7
1769 4250 1829 4295 ut

255 4310 364 4370 nec
389 4310 521 4368 tunc
545 4327 706 4382 omne
735 4310 881 4362 absit
930 4310 1406 4382 perieulumtsed
1444 4327 1664 4382 semper
1693 4312 1825 4382 vigi.

255 4384 370 4438 lare
402 4398 626 4437 necesse
653 4381 742 4443 sit,
775 4395 1004 4446 esseque
1032 4395 1162 4433 cura
1199 4381 1519 4436 sollicitum.

333 4454 410 4522 (η)
463 4457 524 4506 Οἱ
673 4449 1139 4531 συνδλινιὶζογται..
1162 4451 1363 4531 Addidi
1392 4451 1719 4531 particulam
1746 4451 1823 4531 δὲ,

1935 4467 2040 4531 qua
2079 4460 2228 4531 certa
2282 4452 2502 4529 species
2538 4450 2794 4529 animalis
2820 4450 2898 4530 _in
2953 4450 3142 4531 Graeco

254 4535 312 4580 et
333 4520 697 4593 Sequentibiis
725 4521 930 4574 mutavi
969 4520 1024 4572 in
1048 4520 1180 4593 iui-
1225 4522 1274 4572 οί
1321 4521 1376 4574 δὲ
1412 4523 1582 4588 ἡδέως
1609 4538 1622 4550 ο
1649 4524 1705 4593 ol
1729 4523 1826 4574 καὶ

255 4589 446 4662 ἡδέως·
504 4593 649 4661 quod
682 4601 869 4659 aperte
905 4599 1017 4644 tota
1047 4589 1152 4642 loci
1187 4598 1466 4645 structura
1519 4593 1593 4645 ita
1623 4592 1828 4661 exigat,

254 4667 449 4734 sicque
479 4663 661 4716 omnia
691 4662 852 4734 plana
884 4669 1012 4713 sunt
1065 4671 1120 4734 et
1169 4662 1465 4734 expedita:
1509 4671 1638 4734 sunt
1682 4663 1832 4715 enim

254 4731 376 4789 hsce
406 4735 518 4786 duo
571 4732 815 4784 membra
862 4745 958 4798 per
997 4732 1258 4798 majorem
1285 4731 1712 4800 explicationem
1740 4747 1832 4786 se-

253 4805 506 4874 quentia.
533 4803 720 4874 iPorro
780 4801 1154 4874 saluberrima
1189 4800 1442 4854 doctrina
1481 4802 1617 4865 hanc,
1676 4804 1826 4854 serio

253 4870 502 4929 cavenda
531 4872 685 4925 initia
713 4887 726 4934 ;
769 4870 1030 4938 paulatim
1054 4872 1255 4922 malmu
1285 4887 1600 4941 augescere,
1623 4886 1687 4925 ac
1710 4881 1829 4925 tan-

254 4945 387 5000 dem
422 4943 536 4997 lieri
563 4941 968 5009 insuperabile;
1013 4941 1323 5010 scitumque
1375 4942 1688 5010 exemplum
1721 4950 1827 4995 est.

253 5015 352 5068 τοῦ
385 5014 566 5083 μονιοῦ
610 5012 826 5083 ἀγρίου,
847 5009 1148 5083 singularis
1177 5012 1297 5080 feri,
1338 5011 1390 5064 id
1414 5021 1518 5074 est,
1538 5009 1700 5082 apri;
1730 5012 1829 5080 qui

253 5093 314 5140 et
361 5079 522 5138 nobis
549 5079 935 5150 indesnuglier
976 5081 1216 5134 dicitur:
1250 5097 1448 5149 porcus
1497 5079 1709 5136 scilicet
1735 5079 1830 5135 Sil-

252 5164 445 5210 vester
465 5163 521 5209 et
567 5152 873 5215 solitarius;
910 5167 1074 5219 quem
1111 5159 1295 5204 tenera
1347 5161 1506 5206 aetate
1563 5153 1830 5221 tantisper

253 5227 553 5289 cohibens;
597 5221 844 5276 adultum
881 5237 1031 5280 vero,
1061 5221 1192 5288 quin
1236 5223 1450 5274 vineam
1477 5222 1826 5287 demoliatur,

261 5297 402 5350 intra
431 5310 594 5363 quem
627 5292 950 5363 admiseris,
975 5291 1124 5344 nulla
1181 5291 1451 5363 industria
1483 5308 1830 5360 compescere

256 5361 464 5420 valeas.
496 5365 587 5418 Sic
629 5370 812 5416 autem
840 5362 976 5430 psal.
1009 5377 1186 5424 Lxxix,
1229 5361 1310 5424 lli,
1351 5363 1492 5415 idem
1523 5364 1725 5416 animal
1755 5364 1828 5415 si-

255 5436 505 5506 gniﬁcari
563 5445 793 5506 ulr_aqne
829 5432 1092 5506 _versic_uii
1153 5441 1328 5506 parte,
1365 5449 1594 5506 esseque
1649 5434 1829 5499 μονιὸν

256 5502 450 5572 ἄγριον
480 5505 573 5573 qui
604 5504 698 5564 σῦς
732 5507 793 5555 ἐκ
825 5502 1028 5570 δρυμοῦ
1057 5503 1244 5555 multis
1272 5503 1569 5555 ostendere
1597 5513 1831 5557 conatur

259 5575 518 5630 Bochart.
542 5575 640 5627 lib.
669 5589 744 5634 Ill,
778 5589 898 5640 cap.
925 5573 1079 5635 29,1.
1112 5573 1128 5624 I
1166 5573 1360 5625 (liuor.
1402 5573 1717 5626 animalium
1740 5593 1830 5627 sci-

257 5662 364 5700 crw
393 5643 701 5714 Scripturaz.
734 5644 825 5714 Sic
851 5653 1000 5696 certe
1032 5646 1079 5694 oi
1115 5642 1257 5695 LXX
1290 5659 1576 5712 accepere,
1599 5645 1670 5697 ita
1699 5645 1826 5697 red-

257 5715 465 5778 dendo,
501 5713 858 5784 etsiCyrillus
891 5713 1010 5766 ὄνον
1071 5714 1263 5783 ἄγριον
1317 5714 1501 5784 habet.
1544 5714 1623 5784 uti
1662 5715 1829 5768 etiam

257 5785 475 5842 monuit
495 5783 897 5857 llesychi.,quo
919 5784 1083 5841 etiam
1105 5784 1266 5839 modo
1285 5783 1826 5852 rcddiditArabicus,

1422 358 1596 416 ALIA
1637 359 1739 417 EX
1777 361 2015 421 VATlC.
2057 367 2344 428 CAPITA.

325 459 455 529 σλβ’.
495 461 606 523 Τὰς
664 461 968 530 προσϐολὰς
1010 463 1058 513 οἱ
1106 461 1559 532 ἀποκρουόμενοι,
1590 467 1651 517 ού
1688 482 1823 533 συγ-
1854 475 1894 527 Α

3372 374 3508 438 1458

1996 469 2118 523 9.52.
2157 473 2258 536 Qui
2303 477 2682 542 suggestiones
2731 477 3048 546 primasque
3101 487 3281 535 motus
3329 486 3506 553 repel-

1933 560 2070 621 lunt,
2108 564 2472 632 cogitationes
2502 568 2652 620 velut
2677 569 2880 623 bestias
2904 571 3045 624 intra
3077 571 3398 627 rationalem
3427 576 3508 628 vi-

1931 667 2091 706 neam
2122 654 2354 724 ingredi,
2381 659 2608 727 ejusque
2635 659 2874 727 diripere
2907 661 3117 716 fructus
3147 678 3255 716 non
3280 664 3504 718 sinunt:

1931 743 2025 810 qui
2067 752 2249 796 autem
2288 753 2545 815 tanquam
2581 747 2801 802 dextras
2830 750 3110 804 societatis
3135 752 3244 806 illis
3270 753 3510 822 jungen-

1933 842 2034 897 tes,
2063 837 2255 890 sinunt
2292 837 2525 906 ingredi,
2552 856 2614 894 ea
2659 841 2922 894 duntaxat
2954 841 3093 911 lege,
3123 859 3191 897 ne
3219 845 3352 912 quid
3382 845 3510 898 inde

1933 924 2036 979 ill:e
2069 927 2426 996 contingant;
2457 931 2551 998 qui
2578 941 2635 983 et
2660 932 2900 986 libenter
2927 933 3198 986 versando
3221 936 3508 1003 cogitatio-

1931 1029 2050 1077 nes,
2084 1015 2233 1069 vitiis
2265 1029 2584 1071 assuescant
2624 1033 2687 1071 ac
2729 1020 3043 1083 all'eetihus,
3084 1035 3188 1073 nec
3221 1020 3275 1074 in
3313 1037 3507 1076 eorum

1936 1114 2111 1158 tamen
2154 1123 2483 1161 consensum
2526 1109 2781 1174 veniant;
2826 1110 3030 1164 similes
3076 1111 3184 1165 illis
3230 1121 3380 1176 sunt,
3414 1114 3506 1181 qni

1932 1195 2172 1250 admisso
2211 1199 2352 1254 intra
2387 1202 2680 1255 maceriam
2717 1201 2982 1270 singulari
3024 1202 3140 1256 fero
3169 1204 3237 1266 ’³,
3271 1205 3507 1258 saturari

1931 1302 2058 1341 eum
2089 1288 2263 1344 botris
2288 1305 2398 1344 non
2429 1292 2778 1360 permittant;
2811 1301 3036 1362 tumque
3064 1293 3140 1346 illi
3164 1294 3380 1348 viribus
3403 1294 3507 1346 im-

1934 1396 2114 1450 pares,
2159 1382 2307 1436 vitiis
2339 1392 2396 1438 et
2437 1383 2727 1438 alfcctibus
2755 1399 3038 1440 assensum
3083 1385 3327 1454 praebere
3358 1385 3512 1439 inve-

1932 1474 2175 1528 niautur.

2001 1647 2124 1700 255.
2160 1646 2402 1702 Necdum
2436 1647 2504 1700 ad
2535 1646 2940 1717 simplicitatem
2973 1646 3169 1709 evasit,
3200 1645 3296 1714 qui
3329 1643 3510 1698 adhuc

1934 1740 2184 1793 maceriae
2233 1754 2367 1793 cura
2421 1738 2646 1806 indiget.
2685 1753 2808 1807 qua:
2848 1746 2934 1791 est
2976 1737 3336 1790 continentia.
3373 1735 3508 1789 Nam

1935 1828 2030 1898 qui
2058 1829 2336 1899 perfectus
2376 1839 2480 1893 est,
2513 1829 2710 1899 inquit,
2744 1829 2792 1883 is
2819 1845 2928 1883 non
2961 1829 3250 1883 continens
3277 1835 3383 1882 est.
3414 1827 3510 1881 Est

1935 1934 2066 1972 vero
2099 1918 2293 1972 similis
2318 1919 2539 1973 habenti
2569 1919 2784 1972 vineam
2813 1935 2909 1973 seu
2935 1934 3146 1989 agrum,
3171 1933 3280 1972 non
3307 1918 3360 1972 in
3391 1933 3508 1972 me-

1936 2009 2027 2064 dio
2053 2010 2289 2064 aliorum
2324 2010 2587 2078 plurium,
2620 2010 2712 2064 sed
2747 2011 2933 2078 procul
2968 2009 3023 2062 in
3053 2009 3280 2079 angulo;
3305 2009 3509 2078 quique

1934 2101 2072 2156 adeo
2102 2103 2271 2155 multa
2312 2101 2595 2171 diligentia
2639 2100 3001 2170 pervigilique
3035 2115 3166 2154 cura
3213 2098 3280 2152 ad
3323 2106 3509 2153 custo-

1933 2193 2077 2246 diam
2123 2209 2262 2261 opus
2307 2192 2524 2246 habeat.
2581 2193 2712 2262 Ejus
2762 2191 2909 2245 enim
2958 2191 3052 2260 qui
3100 2189 3510 2258 simplicitatem

1934 2294 2127 2338 nactus
2173 2292 2286 2340 est.
2323 2283 2500 2346 vinea,
2543 2281 2908 2352 undequaque
2957 2281 3234 2334 inaccessa
3281 2295 3346 2334 ac
3396 2287 3514 2333 tuta

1932 2386 2048 2441 est;
2070 2375 2218 2429 velut
2236 2374 2445 2429 scilicet
2467 2373 2610 2444 regis
2642 2382 2740 2427 aut
2761 2373 3045 2444 cujusdam
3071 2372 3297 2425 alterius
3311 2370 3509 2425 summi

1934 2467 2201 2535 principis
2226 2465 2606 2527 formidabilis,
2634 2464 2839 2534 quique
2863 2479 2930 2517 ex
2973 2462 3093 2532 ipso
3135 2461 3327 2515 auditu
3371 2459 3509 2514 furi-

1935 2559 2036 2611 bus
2062 2573 2126 2613 ae
2148 2557 2454 2611 viatoribus
2489 2566 2756 2611 terrorem
2788 2555 3016 2624 injiciat,
3049 2568 3116 2608 ne
3141 2552 3274 2622 quid
3301 2552 3355 2606 in
3387 2567 3509 2606 eam

1935 2659 2140 2703 temere
2170 2648 2487 2702 moliantur.

2004 2741 2128 2795 234.
2157 2739 2308 2793 Multi
2340 2746 2468 2793 sunt
2491 2738 2586 2807 qui
2613 2735 2977 2792 afﬂictationis
3001 2749 3219 2789 erucem
3247 2747 3512 2787 conscen-

1934 2831 2099 2894 dant;
2130 2828 2291 2900 pauci
2331 2844 2461 2882 vero
2495 2828 2588 2897 qui
2618 2830 2740 2898 ejus
2782 2827 2966 2881 clavos
2993 2825 3328 2880 admittant:
3353 2821 3510 2876 multi

1933 2923 2027 2993 qui
2055 2929 2367 2991 spontanea:
2393 2919 2722 2973 obedientia:
2748 2919 2893 2972 servi
2927 2917 3215 2980 exsistant,
3253 2914 3512 2968 involuti-

1934 3014 2084 3068 tariae
2121 3022 2300 3066 autem
2334 3010 2674 3065 confusionis
2703 3026 2766 3064 ac
2795 3009 3006 3079 probri,
3044 3008 3081 3061 ii
3105 3007 3390 3069 duntaxat,
3416 3005 3512 3074 qui

1933 3101 2209 3156 ambitiosi
2249 3099 2417 3154 animi
2451 3098 2707 3153 affectum
2742 3098 3030 3151 eliserunt.

2001 3195 2127 3248 9.155.
2160 3193 2313 3247 Multi
2341 3190 2564 3260 quidem
2598 3191 2859 3259 pellieeas
2882 3203 3073 3242 omnes
3105 3187 3320 3242 tunicas
3342 3200 3513 3239 exue-

1941 3296 2096 3351 runt;
2147 3294 2401 3354 tanquam
2449 3293 2746 3338 extremam
2785 3298 2917 3337 vero
2970 3281 3149 3336 inanis
3190 3279 3396 3350 gloriae,
3433 3275 3514 3335 illi

1914 3545 2228 3612 habeatque
2262 3541 2535 3612 Polyglot,
2569 3540 2673 3594 Alii
2694 3541 3070 3612 communitis,
3095 3539 3269 3592 bestia:
3293 3537 3508 3612 deserti,

1923 3618 1998 3668 uti
2029 3606 2194 3667 etiam
2219 3606 2378 3682 Symf
2403 3606 2462 3682 ut
2495 3610 2566 3663 sit
2592 3610 2778 3679 potius
2825 3611 3385 3682 genericunrnoinen
3427 3606 3508 3669 τὸ,

1925 3697 1999 3743 τη
2045 3678 2361 3751 signiﬁcans
2395 3678 2644 3751 bestiam.
2696 3678 2859 3748 quam
2911 3690 3073 3735 certae
3108 3678 3344 3751 alicujus
3391 3689 3513 3751 Spe-

1930 3756 2052 3809 eiri.
2097 3747 2310 3808 ‘Chald.
2371 3750 2560 3806 Gallus
2596 3747 2853 3803 silvester.
2904 3752 2970 3805 li.
3005 3749 3196 3810 David,
3253 3749 3390 3817 fera,
3442 3747 3509 3799 Β.

1933 3825 2138 3896 Saloni.
2172 3821 2599 3896 γίνμζὶίςε-Αινεηἱ
2638 3821 2794 3881 Esra,
2828 3837 2972 3896 aues,
3013 3819 3284 3896 uolatilia.
3325 3817 3512 3896 Longe

1935 3894 2095 3947 aliter
2162 3890 2424 3954 οίιλΧΧ,
2489 3891 2625 3960 psal.
2669 3906 2811 3960 xux,
2867 3891 2954 3955 lt,
3005 3890 3274 3960 ὼραιᾴτῃς
3309 3890 3508 3960 ἀγροῦ,

1935 3965 2130 4032 Species
2161 3964 2315 4029 agri;
2357 3958 2502 4032 cuni
2519 3959 2630 4032 sint
2673 3959 2879 4014 easdem
2917 3958 3081 4014 voces
3121 3958 3422 4032 Hebraicte2
3455 3967 3513 4010 et

1939 4027 2112 4086 series
2143 4027 2326 4086 omnis
2382 4031 2450 4085 de
2485 4030 2680 4084 bestiis
2710 4035 2764 4083 in
2795 4046 2998 4099 genere
3036 4045 3134 4084 seu
3170 4027 3514 4099 animalibus

1939 4104 2304 4165 silvestribus,
2341 4110 2531 4170 poscat
2556 4100 2778 4168 exponi.
2809 4098 2956 4170 iHaie
2987 4116 3120 4170 vero
3153 4098 3340 4170 dicere
3391 4111 3516 4165 spe-

1939 4173 2081 4225 ciem
2110 4188 2207 4225 seu
2235 4167 2490 4224 ornatum
2519 4167 2656 4237 agri,
2687 4185 2781 4221 seu
2809 4169 3034 4234 deserti,
3061 4169 3115 4223 id
3148 4167 3306 4220 valde
3334 4181 3515 4220 remo-

1939 4251 2077 4301 tum,
2121 4257 2183 4294 ac
2235 4242 2397 4310 plane
2451 4240 2794 4308 aenigmatice
2847 4241 3056 4294 dictum
3093 4238 3282 4310 videri
3312 4237 3510 4305 possit.

1936 4311 2124 4364 Schol.
2175 4307 2251 4365 ex
2279 4312 2428 4380 Sym.
2457 4307 2598 4379 psal.
2633 4310 2727 4363 illo
2759 4326 2933 4380 i.\XlX,
2965 4311 3078 4375 ζῶα
3118 4307 3374 4380 ἐρημίας,
3399 4321 3509 4380 no_n

1937 4381 2075 4435 bene
2123 4375 2367 4435 refertur
2414 4375 2472 4434 in
2499 4380 2651 4449 Syxt.
2709 4379 2776 4431 ad
2813 4396 2999 4433 vocem
3039 4375 3159 4440 σῦς
3187 4375 3250 4430 εκ
3279 4375 3508 4446 δρυμοῦ,

3234 4449 3406 4502 ariter
3447 4462 3512 4500 ac

1936 4519 2100 4574 llebr.
2136 4522 2451 4582 denotatur,
2491 4519 2608 4588 ipsa
2641 4519 2964 4582 notissima;
3002 4521 3096 4573 sed
3139 4519 3205 4572 ad
3254 4523 3507 4588 sequent.

1937 4594 2115 4660 μονιὸς
2166 4594 2376 4658 ἄγριος,
2409 4587 2836 4657 (ειιίίιορςῃοιιιιιιι
2872 4592 2923 4642 in
2969 4591 3136 4642 llebr.
3168 4605 3272 4641 vox
3310 4589 3399 4640 illa
3433 4587 3512 4640 sic

1936 4661 2057 4716 latae
2084 4663 2528 4729 signiﬁcationis.
2557 4670 2612 4713 el.
2644 4677 2763 4728 quzr
2787 4676 2948 4712 omne
2976 4660 3179 4713 animal
3203 4660 3506 4729 signiticet;

1933 4731 2187 4801 idemque
2221 4733 2382 4801 sitae
2405 4730 2608 4785 Graecis
2642 4730 2936 4782 κννῦδξιλῦν.

2007 4803 2079 4871 (ο)
2102 4797 2219 4855 Τὸν
2246 4800 2354 4865 τῆς
2384 4802 2788 4862 κακοπιιϋεπάς
2837 4801 3120 4864 σταυρόν.
3154 4799 3264 4851 Vox
3307 4797 3506 4868 passim

1936 4872 2231 4939 Theologis
2263 4881 2484 4939 recepta
2517 4887 2616 4939 pro
2647 4871 2833 4924 labore
2879 4879 3074 4939 sponte
3125 4879 3409 4938 assumpto
3455 4878 3512 4921 et

1933 4944 2118 4995 carnis
2144 4941 2538 5006 alllictatione;
2566 4942 2617 4994 in
2655 4957 2765 5010 quo
2811 4942 2968 4995 multi
3005 4957 3143 5010 pene
3189 4940 3357 5003 avidi,
3384 4954 3509 4992 eum

1935 5013 1987 5066 in
2027 5011 2288 5066 immissis
2319 5027 2348 5063 a
2380 5013 2488 5065 Deo
2523 5013 2701 5073 malis,
2736 5029 2875 5079 aegre
2910 5013 3228 5080 patientiam
3263 5019 3506 5074 teneant;

1935 5083 2099 5152 idque
2133 5082 2400 5135 Maximus
2439 5092 2632 5149 argute
2686 5091 2843 5134 vorat
2892 5081 3260 5142 κακοπαθείας
3294 5081 3508 5142 clavos;

1933 5151 2026 5223 qui
2061 5153 2293 5210 scilicet,
2326 5153 2563 5206 velimus
2601 5153 2858 5213 nolimus,
2885 5167 2949 5223 ac
2995 5151 3268 5223 exteriore
3292 5159 3508 5223 agente,

1935 5221 2086 5277 cruri
2113 5224 2356 5289 adigunt.
2409 5223 2616 5275 llormu
2653 5222 2942 5275 tolerantia
2987 5222 3250 5292 probamr
3291 5221 3508 5292 virtus;

1934 5296 2247 5360 frustraque
2299 5293 2418 5359 ejus
2471 5293 2692 5345 nomine
2742 5296 2866 5360 quis
2901 5289 3170 5360 gloriatur
3194 5289 3348 5352 ἐκτὸς
3395 5291 3506 5339 θλί-

1932 5365 2096 5432 ψλυς,
2155 5365 2252 5416 nisi
2287 5379 2584 5416 a'rumuum
2633 5362 2882 5431 nullaque
2925 5378 3150 5429 passus;
3199 5362 3516 5432 utiauetor

1933 5429 2016 5488 est
2051 5433 2513 5486 '.‘.l-.n-r'.isercmita
2550 5433 2618 5484 De
2671 5429 2988 5501 l'ge'sgdrit.
3032 5449 3078 5484 ρ.
3133 5432 3222 5494 66,
3258 5429 3350 5484 ubi
3403 5431 3515 5495 jam

1933 5506 2166 5563 dixerat,
2191 5519 2239 5555 e.
2269 5504 2357 5565 fit},
2394 5503 2966 5573 σύμϐασινκιο-ανηρλν,
2999 5501 3513 5573 ε-έδιιιηηνοιρεζιιηι.

1932 5577 2026 5628 ΒΛ
2067 5574 2385 5627 memoriam
2442 5575 2716 5641 pra-bere;
2753 5570 2939 5636 et'57,
2987 5590 3208 5625 omnem
3262 5570 3515 5641 ἀκούσιον

1931 5647 2114 5697 πόνον.
2171 5644 2270 5698 L'bi
2323 5639 2702 5714 alist‘ergendte
2737 5645 2936 5714 Obsop.
2975 5644 3196 5706 sordes,
3225 5641 3271 5697 si
3319 5639 3513 5696 chaita

1934 5716 2122 5774 ferret.
2153 5723 2206 5768 et
2237 5716 2412 5769 iocus.
