4184 6436
677 419 815 486 1459

1818 414 1877 474 S.
1918 414 2205 473 ΜΛΧΙΜΙ
2244 410 2760 475 CONFESSORIS

3805 411 3951 479 1460

668 531 958 590 duntaxat,
985 526 1079 594 qui
1125 523 1244 593 ejus
1289 522 1436 575 velut
1471 529 1755 590 parentem
1787 522 1953 574 animi
1988 520 2095 575 sibi
2134 520 2252 590 pla-

2358 537 2449 573 νον
2494 522 2543 573 οἱ
2599 520 2817 589 μητέρα
2873 517 3047 587 αὐτῆς
3083 516 3184 587 τὴν
3246 517 3654 590 αύταρέσκειαν
3686 520 3951 591 paeanes-

666 618 846 673 centis
874 615 1064 669 vitium
1092 628 1155 666 ac
1182 610 1360 664 labem
1381 609 1649 665 exsecrati
1679 620 1825 663 sunt.

738 709 865 763 9.56.
893 706 995 772 Qui
1043 702 1239 774 probat
1270 702 1518 772 quidem,
1550 711 1604 754 at
1649 716 1757 754 non
1808 701 2028 771 recipit,
2060 701 2256 755 huma-

669 817 796 855 nam
829 798 1068 859 laudetu,
1100 804 1156 850 et
1187 803 1249 848 ut
1286 810 1488 863 corpus
1522 792 1713 846 mitius
1743 793 1975 857 habent;
2011 793 2121 856 hic,
2156 808 2254 846 ex-

672 904 844 947 trema
868 890 1050 944 inanis
1067 888 1255 959 glorite
1279 888 1521 941 nudatus
1550 886 1754 948 tunica,
1785 884 2084 939 habitaculi
2106 889 2254 953 quod

669 985 737 1039 de
781 984 920 1038 cmlo
949 991 1054 1046 est,
1092 996 1156 1035 ac
1189 980 1335 1049 quod
1386 980 1554 1032 tuulta
1585 979 1887 1047 getnitutttn
1931 976 1984 1029 vi
2021 976 2258 1046 inquiri-

671 1089 815 1140 mus,
847 1074 1178 1136 claritatem,
1208 1070 1336 1124 inde
1358 1069 1471 1141 jam
1503 1069 1705 1123 meruit
1729 1068 1958 1122 induere
1988 1068 2054 1120 ”.

735 1251 860 1307 257.
892 1250 1054 1306 Aliud
1096 1259 1180 1306 est
1222 1250 1387 1313 actio,
1431 1248 1579 1303 aliud
1628 1247 1861 1302 effectus
1900 1246 2132 1317 etquod
2165 1247 2254 1302 illa

668 1344 866 1413 agitur.
915 1343 993 1397 Ae
1034 1342 1258 1413 quidem
1306 1342 1580 1405 alterum,
1626 1340 1993 1395 consummati
2043 1339 2253 1409 peccati

668 1435 980 1505 subjectum
1026 1444 1147 1500 est;
1196 1435 1430 1489 alterum
1466 1448 1617 1497 vero,
1657 1431 1957 1501 voluptatis
1989 1430 2256 1485 duntaxat

668 1540 733 1578 ac
762 1524 1031 1586 libidinis,
1056 1526 1204 1578 intus
1236 1524 1423 1577 animo
1452 1523 1705 1592 vigentis,
1736 1537 1845 1575 tton
1888 1530 2069 1575 tamen
2096 1529 2253 1575 exte-

666 1614 785 1666 rius
810 1612 1126 1681 productae:
1152 1612 1303 1666 velut
1333 1612 1593 1665 nimirum
1625 1611 1719 1680 qui
1750 1627 1857 1665 non
1882 1611 2059 1681 patria
2087 1625 2254 1665 exsu-

665 1701 805 1767 lant,
841 1701 1047 1772 quique
1078 1701 1441 1756 nihilominus
1472 1701 1638 1772 670
1661 1715 1783 1771 qua:
1828 1716 1896 1756 ex
1940 1700 2255 1755 dominato-

667 1807 790 1848 rum
815 1801 945 1848 voto
973 1794 1086 1849 sint
1118 1794 1335 1864 illisque
1365 1794 1652 1863 imperata,
1684 1793 1892 1846 tributo
1916 1792 2180 1861 pendant.

733 1885 863 1941 238.
896 1884 1033 1941 Cum
1063 1862 1261 1956 gustus
1298 1862 1774 1954 intervoluptates
1813 1886 2018 1953 primas
2048 1894 2255 1951 teneat,
2291 1862 2334 1918 Β

668 1975 788 2032 fleri
817 1994 921 2032 non
949 1987 1134 2049 potest
1160 1978 1293 2049 quin
1317 1992 1511 2032 omnes
1536 1993 1732 2033 sensus
1757 1995 1864 2033 una
1888 1978 2258 2050 obsequentes

670 2069 868 2133 trahat,
903 2069 1117 2124 tametsi
1152 2069 1208 2124 in
1252 2069 1334 2124 eis
1372 2069 1465 2138 qui
1500 2068 1816 2139 frigidiores
1861 2078 1991 2124 sunt
2032 2070 2089 2124 in
2123 2086 2257 2141 pace

666 2161 937 2215 contineri
998 2176 1233 2214 venerea
1282 2159 1575 2225 videntur,
1625 2160 1933 2232 cujusmodi
1984 2163 2258 2217 exsistunt

665 2252 858 2316 vetuli,
888 2252 983 2322 qui
1021 2252 1337 2306 incendium
1382 2267 1449 2306 ex
1506 2252 1628 2321 igne
1678 2267 1785 2306 non
1838 2252 2101 2307 sentiant.
2134 2252 2257 2308 Non

668 2352 848 2398 tamen
886 2343 1141 2414 gignendi
1174 2342 1422 2413 partibus
1454 2354 1602 2397 casta
1630 2343 1994 2397 testimahitur
2026 2344 2253 2411 sterilis,

666 2451 789 2504 qua‘.
817 2436 1148 2491 adulterium
1193 2436 1376 2490 faciat.
1407 2434 1631 2490 Castum
1670 2452 1802 2489 vero
1836 2436 2068 2491 dixerim
2106 2436 2258 2507 quis-

665 2528 788 2598 quis
820 2544 927 2581 non
965 2527 1289 2591 fornicetur,
1314 2543 1416 2582 nec
1434 2527 1706 2597 impudice
1733 2527 1909 2583 oculis
1927 2527 2252 2583 oblectetur.

733 2619 859 2673 239.
897 2619 956 2674 lu
1002 2618 1142 2674 cibis
1175 2618 1478 2689 fortnisque
1532 2635 1594 2673 ac
1643 2619 1905 2682 vocibus,
1956 2620 2127 2675 animi
2171 2622 2255 2676 vis

664 2709 1105 2779 concupiscentis
1124 2709 1458 2779 exploratur,
1482 2726 1731 2780 quietiam
1768 2710 1869 2776 sit;
1900 2720 2015 2764 tum
2043 2712 2256 2767 scilicet

664 2800 883 2855 volendi
921 2810 1035 2854 tum
1073 2800 1368 2870 respuendi
1405 2801 1838 2871 appetitiouihus
1884 2802 1938 2856 in
1971 2814 2132 2872 gustu
2168 2805 2253 2858 vi-

662 2907 839 2961 suque
886 2902 942 2948 et
981 2892 1206 2959 auditu;
1256 2908 1386 2945 tnun
1421 2893 1571 2947 velut
1606 2909 1727 2963 qua:
1783 2894 1890 2948 illis
1925 2904 2134 2961 utatur,
2182 2913 2253 2951 an

660 2983 815 3039 velut
854 3000 976 3055 quae
1027 2984 1311 3048 abutatur,
1346 2986 1431 3039 vel
1484 3000 1607 3055 qua:
1658 2985 1843 3040 medio
1892 2986 2056 3042 modo
2105 2988 2253 3044 inter

664 3081 959 3142 utrumque
993 3087 1051 3126 se
1080 3072 1291 3128 habens
1322 3073 1659 3128 iuvenitﬂur.

733 3163 857 3218 240.
895 3164 954 3219 ln
988 3164 1194 3235 quibus
1239 3180 1347 3219 non
1385 3167 1539 3235 pneit
1589 3167 1772 3229 timor,
1807 3168 1975 3223 animi
2012 3171 2251 3227 rationes

661 3268 727 3308 ac
754 3254 1113 3325 cogitationes
1141 3255 1193 3310 itt
1221 3255 1543 3312 confusione
1583 3259 1954 3327 invenientur,
1988 3270 2247 3333 tanquam

661 3361 795 3402 oves
817 3363 925 3402 non
950 3348 1216 3404 habentes
1246 3358 1522 3419 pastorem
1553 3349 1600 3382 "
1627 3369 1639 3403 :
1668 3351 1862 3405 ordine
1888 3362 2070 3408 autem
2100 3370 2249 3410 com-

661 3438 855 3507 positae
908 3439 1163 3509 intraque
1223 3441 1434 3495 caulam
1482 3442 1727 3497 collecta:
1783 3454 1931 3499 recte
1987 3447 2248 3515 pascendi

662 3529 896 3595 ratione,
931 3531 1024 3585 illo
1064 3531 1265 3586 comite
1306 3545 1400 3587 aut
1435 3544 1738 3604 prmeunte.

728 3619 855 3674 2M.
906 3619 1056 3676 Fidei
1102 3623 1304 3691 proles,
1344 3624 1510 3679 timor
1542 3635 1659 3691 est;
1698 3627 1744 3681 is
1777 3643 1929 3692 vero,
1967 3630 2249 3684 mandato-

662 3728 787 3766 rum
815 3722 1019 3782 pastor.
1047 3713 1143 3779 Ac,
1175 3716 1269 3785 qui
1301 3717 1423 3786 ejus
1452 3727 1736 3786 parentem
1770 3727 1963 3775 nactus
1988 3738 2097 3775 non
2132 3722 2251 3775 fue-

662 3804 752 3867 rit,
792 3803 934 3859 haud
966 3806 1167 3879 diguus
1191 3808 1470 3863 videbitur
1511 3809 1607 3879 qui
1642 3810 1859 3865 Domini
1884 3827 2102 3882 pascua:
2130 3814 2250 3869 ovis

660 3896 1004 3953 admittatur.

728 3988 852 4042 9.62.
879 3990 985 4043 Alii
1009 3991 1233 4060 quidem
1256 3992 1371 4048 sola
1397 3993 1603 4050 habent
1631 3995 1902 4052 bonorum
1936 3997 2126 4063 initia;
2154 3997 2248 4052 alii

658 4094 791 4134 vero
827 4081 992 4135 etiam
1035 4082 1233 4137 horum
1270 4086 1483 4152 media;
1531 4088 1623 4141 alii
1652 4088 1889 4159 denique
1919 4090 2085 4144 ctiam
2131 4088 2252 4143 illo-

660 4186 781 4224 rutn
821 4171 988 4238 lines;
1025 4173 1119 4243 qui
1164 4176 1208 4229 si
1240 4177 1439 4243 desint,
1479 4179 1631 4234 velut
1674 4181 1903 4251 simplex
1952 4182 2110 4236 miles
2155 4194 2250 4238 aut

657 4265 1014 4331 honorarius,
1036 4267 1270 4337 quisque
1309 4270 1641 4338 invenietur,
1668 4274 1951 4345 congiario
1969 4276 2246 4345 justisque

659 4355 950 4423 stipendiis
997 4358 1221 4414 ntiuinte
1268 4359 1524 4416 donatus.
1575 4361 1824 4433 lliueque
1860 4364 1999 4419 adeo
2043 4373 2148 4430 est,
2191 4377 2252 4421 ut

658 4451 799 4507 alius
840 4453 1062 4521 quidem
1106 4471 1233 4512 suas
1283 4457 1549 4512 duntaxat
1595 4459 1761 4526 mdes,
1815 4476 2015 4531 easque
2048 4477 2189 4532 mgre
2220 4476 2250 4516 a

2403 627 2533 663 ενοι.

2361 628 2533 679 μενοι.

2433 704 2576 766 eis}
2620 701 2886 755 Ἐπαινον
2919 700 3226 772 ἀνθρώπων
3255 701 3351 755 καὶ
3382 701 3568 755 ἄνεσιν
3593 702 3853 772 σώματος
3874 742 3891 765 ,
3923 705 3955 755 6

2358 794 2757 864 ἀποδεχόμενος
2807 794 2926 863 μὲν,
2965 794 3026 846 ού
3065 793 3496 863 καταδεχόμενος
3533 793 3613 857 δὲ,
3653 790 3812 857 οὗτος
3854 795 3955 848 τοῦ

2358 887 2587 958 ἐσχάτου
2602 886 2700 954 τῆς
2723 886 3029 951 κενοδοξίας
3065 886 3291 956 χιτῶνος
3321 886 3529 955 γυμνὸς
3563 885 3831 953 γεγονὼς,
3859 885 3954 938 τοῦ

2357 978 2416 1030 ἐν
2477 976 2693 1038 πολλοῖς
2752 979 3076 1046 στεναγμοῖς
3138 976 3568 1044 ἐπιζητουμένου
3624 976 3953 1046 οίκητηρίου

2355 1068 2451 1123 τοῦ
2489 1069 2546 1134 ἐξ
2590 1067 2822 1140 ούρανοῦ
2853 1068 2952 1139 τὴν
2973 1068 3306 1140 φαιδρότητα
3339 1070 3433 1121 ἀπ’
3464 1066 3720 1120 ἐντεῦθεν
3740 1067 3953 1137 ἠξιώθη

2356 1160 2702 1214 ἐνδύσασθαι.
3486 1220 3493 1226 _

2436 1252 2568 1318 σλζ.
2608 1253 2773 1306 Ἄλλο
2805 1251 3079 1322 ἐνέργεια,
3116 1250 3211 1304 καὶ
3253 1249 3382 1303 ἄλλο
3411 1250 3722 1322 ἐνέργημα.
3753 1249 3864 1302 Καὶ
3890 1248 3955 1302 τὸ

2359 1344 2481 1415 μὲν,
2516 1344 2798 1415 ἁμαρτίας
2825 1342 3245 1413 ἀπηρτισμένης
3271 1341 3392 1394 ἐστὶ
3423 1341 3705 1395 δεικτικὸν
3731 1356 3747 1368 ⁸
3782 1340 3846 1392 τὸ
3868 1340 3951 1404 δέ,

2357 1435 2694 1505 ἡδυπαθείας
2752 1433 2920 1504 μόνης
2966 1431 3069 1501 τῆς
3114 1430 3326 1485 ἔνδοθεν
3378 1434 3807 1502 ἐνηργημὲνης,
3836 1431 3955 1483 ἀλλ’

2357 1526 2458 1579 οὐκ
2486 1526 2666 1587 ἐκτός.
2709 1525 2799 1588 Ὦς
2826 1525 2877 1577 οἱ
2921 1525 3017 1593 τῆς
3061 1523 3203 1585 ιδίας
3243 1524 3341 1594 μὲν
3378 1523 3453 1593 μὴ
3485 1522 3955 1590 κατακινούμενοι

2358 1620 2482 1688 γῆς,
2509 1614 2982 1687 δασμοφοροῦντες
3012 1613 3070 1667 δέ
3099 1614 3249 1685 ὅμως
3276 1615 3391 1677 τοῖς
3415 1612 3955 1667 καταδυναστεύουσι

2356 1713 2426 1764 τὰ
2459 1710 2644 1772 αὐτοῖς
2679 1705 3015 1778 καταθύμια.

2441 1881 2578 1956 σλη’.
2612 1885 2728 1953 Τῆς
2753 1883 2998 1953 γεύσεως
3027 1882 3339 1955 κρατούσης
3381 1883 3439 1937 ἐν
3462 1881 3683 1953 ἡδοναῖς
3703 1922 3718 1945 ,
3752 1881 3957 1936 ἀδύναο

2357 1992 2451 2029 τον
2512 1975 2586 2045 μὴ
2620 1975 2717 2027 καὶ
2765 1973 2945 2036 πάσας
3001 1972 3101 2036 τὰς
3132 1972 3417 2044 αἰσθήσεις
3454 1970 3813 2032 συνέπεσθαι,
3846 1970 3957 2023 κᾶν

2357 2067 2466 2120 τῶν
2495 2065 2854 2138 ψυχροτέρων
2885 2064 3194 2137 εἰρηνεύειν
3229 2064 3429 2117 δοκῶσι
3462 2065 3531 2116 τὰ
3560 2064 3917 2134 ὑπογάστρια
3935 2103 3957 2130 ,

2356 2158 2432 2222 ὡς
2458 2160 2569 2211 τῶν
2596 2156 2989 2228 γεγηρακότων
3014 2156 3265 2226 πύρωσιν
3294 2157 3358 2208 ἐκ
3391 2155 3565 2227 πυρὸς
3612 2154 3751 2228 [μὴ]
3785 2154 3957 2219 δεξα-

2362 2250 2562 2321 μένων.
2613 2250 2753 2303 Ἀλλ’
2780 2249 2843 2302 οὐ
2872 2250 3001 2319 περὶ
3060 2249 3123 2301 τὸ
3172 2249 3372 2318 γεννᾷν
3425 2247 3662 2319 σώφρων
3690 2253 3727 2319 ἡ
3762 2253 3959 2319 στεῖρα

2367 2320 2739 2412 μοιχευομένη
2788 2320 3134 2411 κριθήσεται.
3172 2341 3478 2409 Σωφρονεῖν
3522 2340 3581 2393 δέ
3613 2340 3801 2395 πάντα
3860 2340 3961 2393 τὸν

2367 2433 2443 2502 μὴ
2502 2432 2836 2502 πορνεύοντα
2877 2431 3089 2501 εἴποιμι
3134 2431 3220 2495 ἂν,
3269 2431 3407 2502 μηδὲ
3453 2430 3645 2503 ὁράσει
3699 2450 3960 2505 κατακη-

2361 2524 2645 2593 λούμενον.

2430 2614 2572 2671 σλθ’.
2615 2617 2705 2669 Ἐν
2729 2618 2960 2688 τροφαῖς
3019 2616 3115 2669 καὶ
3156 2617 3395 2687 μορφαῖς
3441 2617 3536 2669 καὶ
3593 2619 3832 2685 φωναῖς,
3893 2618 3963 2670 es

2359 2710 2756 2780 ἐπιθυμητικὸν
2787 2711 2887 2779 τῆς
2921 2709 3102 2780 ψυχῆς
3138 2708 3455 2779 ἐλέγχεται⁹
3489 2702 3602 2762 οἷόν
3646 2710 3804 2763 ἐστιν
3833 2714 3963 2773 ταῖς

2363 2800 2679 2870 θελητικαῖς
2732 2818 2792 2855 τε
2834 2803 2928 2854 καὶ
2969 2803 3089 2865 ταῖς
3119 2800 3297 2863 ἄλλως
3324 2798 3581 2870 ἐχούσαις
3611 2800 3867 2874 [ὁρμαῖς]
3896 2803 3964 2855 ἐν

2359 2893 2570 2961 γεύσει,
2597 2893 2692 2946 καὶ
2712 2894 2855 2963 ὄψει,
2889 2893 2986 2947 καὶ
3014 2894 3190 2964 ἀκοῇ,
3230 2893 3342 2945 εῐτε
3392 2891 3468 2955 ὡς
3507 2892 3804 2963 χρώμενον
3854 2892 3963 2945 αὖ.

2351 2987 2496 3050 ταῖς,
2533 2985 2645 3038 εἴτε
2672 2984 2750 3049 ὡς
2783 2984 3246 3056 παραχρώμενον,
3277 2984 3388 3037 εῐτε
3412 2983 3581 3054 μέσον
3600 2985 3739 3057 προς
3772 2986 3961 3057 ἀμφό-

2351 3092 2487 3147 τερα
2522 3075 2942 3145 εὑρισκόμενον.

2425 3166 2535 3238 σμ’.
2584 3168 2673 3223 Ἐν
2715 3164 2797 3233 οἷς
2824 3171 2854 3222 6
2889 3168 3054 3238 φόϐος
3085 3169 3146 3223 ού
3178 3173 3528 3241 προηγεῖται,
3561 3167 3637 3234 ὡς
3694 3166 3963 3240 πρόόατα

2358 3262 2434 3333 μὴ
2457 3262 2649 3333 ἔχοντα
2680 3261 2917 3331 ποιμένα
2944 3263 3002 3315 ἐν
3032 3260 3321 3332 συγχύσει,
3341 3263 3392 3316 oi
3416 3262 3673 3332 λογισμοὶ
3710 3259 3962 3331 εὑρεθή-

2356 3369 2574 3408 σονται·
2630 3354 2690 3405 ἐν
2745 3352 2971 3423 εὐταξία
3042 3353 3120 3417 δὲ,
3167 3354 3261 3406 καὶ
3322 3353 3570 3425 μανδρας
3625 3353 3765 3404 εῐσω
3811 3352 3963 3406 κατά

2353 3446 2452 3516 τὴν
2500 3444 2761 3516 εὐνομίαν
2819 3443 3185 3517 ἐφεπομένου,
3251 3443 3285 3515 ἢ
3352 3443 3779 3516 προηγουμένου
3849 3442 3956 3495 αύ-

2352 3553 2468 3588 TOU.

2427 3630 2577 3697 σμα’.
2600 3624 2714 3695 Τῆς
2742 3624 3003 3689 πίστεως,
3035 3626 3065 3678 6
3098 3625 3262 3695 φόῦος
3291 3625 3405 3691 υἱός
3431 3643 3449 3661 ο
3480 3628 3592 3683 τῶν
3625 3632 3874 3687 ἐντολῶν
3899 3632 3961 3689 δὲ

2352 3712 2508 3780 οὗτος
2535 3717 2735 3786 νομεύς
2760 3733 2773 3748 ο
2811 3718 2909 3769 καὶ
2936 3718 2966 3769 6
3000 3718 3076 3787 μὴ
3106 3717 3207 3789 τὴν
3237 3719 3454 3790 μητέρα
3502 3721 3703 3776 τούτου
3740 3724 3961 3781 κτησά-

2357 3827 2543 3882 μενος,
2583 3809 2860 3880 πρόϐατον
2906 3808 3144 3879 ὀφθῆναι
3182 3811 3285 3882 τῆς
3331 3813 3475 3867 κατᾶ
3522 3814 3736 3887 Κύριον
3780 3819 3962 3889 νομῆς

2352 3902 2454 3956 οὐκ
2482 3900 2864 3972 ἀξιωθήσεται.

2427 3993 2574 4065 σμβὀ
2603 3996 2668 4047 Οἱ
2703 3993 2803 4064 μὲν
2843 3993 2942 4055 τὰς
2979 3993 3156 4064 ἀρχὰς
3190 3996 3361 4065 μόνας
3392 3996 3580 4066 ἔχουσι
3608 3998 3723 4053 τῶν
3745 4000 3959 4055 καλῶν·

2353 4087 2405 4141 οί
2431 4086 2513 4151 δὲ,
2543 4086 2642 4139 καὶ
2680 4085 2780 4149 τὰς
2808 4085 3017 4140 τούτων
3054 4087 3365 4159 μεσότητας
3392 4105 3406 4118 ⁸
3440 4092 3491 4144 οἱ
3521 4092 3601 4156 δὲ,
3640 4093 3742 4146 καὶ
3765 4094 3841 4147 τὰ
3870 4095 3960 4148 τέ-

2355 4179 2422 4250 ).η
2446 4178 2627 4232 αὐτῶν
2661 4195 2677 4210 ο
2705 4171 2781 4232 ὧν
2806 4177 2958 4243 ἄνευ,
2997 4178 3074 4243 ὡς
3114 4183 3461 4253 στρατιώτης
3500 4184 3659 4253 ψιλὸς
3714 4186 3961 4252 ἕκαστος

2357 4269 2713 4341 εὑρεθήσεται
2746 4269 2781 4341 ἢ
2814 4270 3209 4341 ἀξιωματικός,
3243 4273 3353 4327 τῶν
3402 4277 3734 4348 σιτηρεσίων
3771 4280 3961 4343 ἐκτός.

2357 4363 2468 4416 Καὶ
2498 4361 2587 4415 διὰ
2614 4360 2797 4429 τοῦτο,
2821 4363 2851 4415 6
2895 4363 2994 4433 μέν
3031 4362 3130 4434 τὴν
3169 4364 3370 4419 ἑαυτοῦ
3422 4367 3585 4436 μόνον
3641 4369 3741 4421 καὶ
3798 4371 3963 4439 μόλις

2356 4455 2536 4508 οἰκίαν
2591 4452 2703 4507 ἀπὸ
2770 4453 2879 4508 τῶν
2923 4455 3358 4528 ἐπιχειρούντων
3393 4458 3566 4529 αὐτὴν
3615 4461 3964 4531 ἐπηρεάζειν

656 4544 984 4600 violantium
1017 4548 1217 4618 injuria
1263 4549 1459 4604 illzesas
1507 4562 1718 4615 servet;
1754 4552 1897 4606 alius
1944 4567 2072 4606 vero
2105 4552 2252 4607 haud

2360 4545 2677 4615 συντηρῶν·
2719 4545 2749 4599 6
2801 4546 2858 4599 δέ
2908 4547 3010 4600 οὐκ
3037 4550 3095 4602 ἐν
3132 4551 3271 4619 τιμῇ
3310 4553 3377 4622 τῇ
3412 4551 3773 4622 προσηκούσῃ
3803 4554 3964 4624 εὑρι-

658 4635 795 4687 satis
819 4638 1167 4692 convenienti
1200 4638 1410 4694 honore
1439 4639 1774 4707 inveniatur,
1807 4641 1861 4696 in
1891 4642 2095 4712 quibus
2122 4658 2250 4699 eum

658 4729 864 4781 versari
915 4732 1228 4800 contigerit.

727 4819 853 4872 265.
886 4820 991 4886 Qui
1032 4838 1133 4876 nos
1170 4823 1309 4892 gula:
1343 4823 1559 4879 deliciis
1603 4823 1888 4893 indulgere
1938 4826 2251 4893 hortantur,

659 4911 868 4968 idcirco
919 4914 1067 4981 quod
1117 4916 1345 4984 perfecti
1388 4933 1601 4979 sumus,
1639 4918 1865 4987 perinde
1909 4918 2139 4982 faciunt,
2191 4935 2254 4974 ac

655 5004 750 5073 qui
788 5013 975 5060 sanata
1020 5008 1124 5064 iatn
1156 5009 1384 5063 vulnera
1431 5009 1781 5079 obductaque
1824 5010 1933 5063 illis
1970 5011 2249 5076 cicatrice,

658 5094 917 5150 defodere
943 5097 1141 5167 jubeat
1176 5113 1238 5153 ac
1287 5114 1560 5165 resecare,
1606 5101 1692 5154 vel
1739 5099 2002 5165 srahiem,
2035 5100 2107 5155 ob
2155 5117 2254 5155 vo-

584 5252 590 5259 _
657 5187 884 5257 luptatis
926 5189 1050 5244 inde
1085 5205 1328 5255 sensum,
1360 5191 1656 5255 defricare,
1685 5201 1781 5246 aut
1824 5192 1932 5247 illis
1959 5193 2105 5248 vesci
2132 5207 2255 5263 qua:

732 5328 778 5357 “
806 5327 847 5380 ll
876 5326 1006 5382 Cor.
1040 5344 1095 5391 v,
1121 5329 1175 5383 2.
1252 5330 1296 5361 ”
1329 5329 1394 5384 ill
1441 5331 1575 5400 Reg.
1611 5347 1739 5395 χχιι,
1774 5331 1855 5385 Π.

730 5438 808 5507 (μ)
858 5440 1150 5506 Ἐντελῶς
1181 5440 1382 5506 ὄντας.
1424 5442 1550 5497 Erat
1601 5443 1748 5497 fmdo
1780 5458 1974 5498 errore
2019 5442 2072 5497 in
2106 5444 2239 5496 ἀπο-

658 5510 1133 5583 γραςῳτλὰλτελεῐς.
1194 5513 1387 5565 nescio
1418 5529 1487 5566 an
1535 5514 1590 5567 in
1635 5514 1969 5583 αὑτογρὰτρῳ
2040 5514 2239 5583 Liquet

659 5590 810 5633 certe
834 5580 970 5633 nihil
1020 5591 1230 5648 aptum,
1272 5599 1372 5636 nec
1400 5594 1606 5637 temere
1659 5580 2136 5638 mihi'iutlulsisse'
2177 5595 2237 5639 ut

664 5660 957 5712 mutarent,
986 5659 1151 5719 atque
1191 5654 1476 5717 tntttaudo,
1517 5655 1811 5708 Maximum
1843 5654 2075 5707 Maximo
2109 5654 2237 5708 red-

662 5724 870 5795 derem.
901 5721 975 5795 lie
1008 5722 1116 5795 illis
1157 5723 1317 5791 plane
1364 5740 1548 5777 serum
1577 5735 1681 5787 est,
1719 5724 1813 5795 qui
1850 5739 1976 5778 cum
2006 5725 2108 5779 sibi
2151 5725 2234 5778 vi-

662 5790 901 5843 deantur
927 5791 1036 5857 j-ttn
1067 5790 1289 5847 virtutis
1314 5811 1495 5849 arcem
1527 5790 1852 5864 arripuisse,
1888 5810 1952 5847 ac
2004 5795 2233 5864 perfecti

662 5876 808 5927 esse,
836 5867 995 5933 gemo
1036 5865 1137 5919 sibi
1185 5866 1581 5937 indulgendum
1623 5876 1840 5938 putant,
1886 5868 2041 5937 quasi
2078 5882 2236 5922 seve-

2360 4638 2645 4708 σκόμενος,
2672 4639 2731 4692 ἐν
2754 4631 2837 4702 οἷς
2866 4637 2934 4693 ἂν
2958 4640 3308 4710 συνέρχηται.

2433 4825 2578 4889 σμγ’.
2614 4819 2680 4873 Οἱ
2709 4820 2833 4882 ταῖς
2866 4818 3085 4890 ἡδοναῖς
3111 4819 3472 4891 συνέρχεσθαι
3495 4824 3964 4894 παρακαλοῦντες

2358 4913 2454 4969 τοῦ
2487 4916 2771 4987 φάρυγγος
2803 4914 3038 4978 ἐντελεῖς
3064 4914 3227 4978 ὄντας
3254 4918 3332 4987 (p)
3352 4955 3375 4978 ,ν
3395 4918 3587 4987 ὅμοιόν
3626 4936 3684 4971 τι
3734 4921 3963 4975 ποιοῦσι

2359 5010 2475 5069 τοῖς
2519 5007 2863 5079 ἀναθερίζειν
2897 5007 3282 5078 κελευομένοις
3321 5010 3423 5074 τὰς
3447 5011 3530 5076 είς
3568 5012 3771 5081 ὑγείαν
3814 5014 3960 5086 πλη·

2362 5100 2465 5170 γας
2517 5100 2618 5171 ἤδη
2669 5099 2934 5165 ἐλθούσας
2966 5116 2980 5132 ·
3010 5100 3045 5172 ἢ
3076 5102 3174 5166 τὰς
3198 5099 3391 5174 ψώρας
3433 5103 3523 5158 διὰ
3557 5104 3659 5176 τὴν
3707 5106 3961 5179 ἡδύτητα

2361 5191 2582 5264 κνήθειν
2613 5206 2627 5223 ο
2674 5190 2814 5262 sca;
2864 5191 2955 5245 τὸν
3006 5194 3242 5261 πιρετὺν
3294 5195 3604 5249 ἀνάπτοντα
3658 5196 3892 5264 ἐσθίειν,
3920 5198 3957 5269 ἢ

2348 5439 2476 5513 riuri
2510 5438 2808 5513 disciplina
2840 5442 2982 5513 ultra
3022 5457 3133 5497 non
3164 5441 3452 5513 indigeant
3486 5459 3501 5496 :
3555 5441 3708 5512 quod
3743 5440 3957 5499 nedum

2346 5510 2555 5583 incauti
2584 5512 2867 5583 spiritales
2894 5512 2960 5567 ad
2983 5515 3232 5583 corporis
3262 5510 3645 5567 remissionem
3692 5515 3955 5578 trahunt,

2345 5581 2398 5653 in
2433 5581 2518 5653 iis,
2560 5597 2681 5653 qua:
2714 5582 2895 5636 media
2924 5597 3045 5653 esse
3085 5581 3341 5653 possunt,
3369 5600 3563 5638 verum
3607 5582 3783 5637 etiam
3833 5599 3961 5653 pro-

2341 5651 2455 5723 fani
2489 5651 2729 5723 lueretici
2764 5653 2830 5706 ad
2870 5651 3479 5723 turpia,‘uel‘audasque
3503 5653 3803 5715 libidines;
3835 5651 3961 5723 qui-

2351 5722 2454 5775 bus
2484 5722 2703 5791 egregie
2741 5733 2898 5777 cavet
2937 5723 3224 5787 Maximus,
3254 5732 3365 5777 tam
3391 5722 3591 5778 ’sancto
3637 5722 3956 5791 volupttem:

2347 5791 2543 5846 finiens
2585 5808 2751 5863 aurea
2802 5810 2931 5857 sua,
2969 5810 3206 5863 vereque
3241 5794 3507 5857 aseetica,
3537 5802 3594 5849 et
3638 5810 3703 5847 ex
3735 5794 3953 5850 Christi

2345 5877 2540 5921 norma
2556 5861 2625 5918 ad
2645 5878 2869 5921 omnem
2890 5861 3151 5922 virtutem
3170 5866 3469 5933 artnautia,
3492 5865 3707 5937 capita.
