4184 6436
234 398 363 465 1461

234 609 578 677 εἰσέρχεσθαι
606 607 701 660 σὺν
724 611 843 671 ταῖς
860 608 1091 670 ἐννοίαις
1115 610 1235 670 ταῖς
1257 608 1507 675 ἀγαθαῖς,
1530 607 1605 668 ὼς
1633 607 1813 675 μονιΐλν

232 701 425 768 ἄγριον
484 701 545 752 τὸ
592 701 850 769 φρόνημα
886 701 983 769 τῆς
1014 700 1237 769 σαρκὸς,
1278 699 1354 761 ὼς
1388 699 1665 767 σταφυλὰς
1696 699 1812 751 δια·

231 792 547 845 ϐόσκεσθαι.
589 786 683 854 Οἷς
718 794 779 845 οὐ
812 792 1092 844 πείθεσθαι
1140 791 1267 862 χρὴ,
1303 792 1439 844 οὐδὲν
1473 794 1593 854 ταῖς
1652 791 1813 843 ἀκαί-

236 902 347 954 ροις
371 885 719 953 καμπτεσθαι
745 885 1056 944 κολακείαις
1076 882 1379 953 ἀνθρώπων
1402 900 1460 934 τε
1482 883 1576 936 καὶ
1603 881 1811 935 παθῶνο

233 976 573 1047 κατοχυροῦν
619 976 676 1029 δὲ
737 976 829 1028 τὸν
887 976 1141 1046 φραγμὸν
1190 976 1257 1028 δι’
1318 976 1668 1046 ἐγκρατείας,
1705 975 1809 1037 ’ἐως

234 1069 547 1121 παύσωνται
594 1069 648 1121 οἴ
692 1085 752 1120 τε
797 1067 983 1139 θῆρες,
1018 1067 1086 1121 τὰ
1143 1068 1386 1138 σαρκικὰ
1433 1068 1602 1137 πάθη,
1634 1067 1809 1137 ὠρύε-

234 1160 377 1225 σθαι,
421 1164 515 1213 καὶ
544 1162 619 1223 ὡς
642 1164 865 1214 πετεινὰ
898 1162 947 1213 οἱ
974 1163 1194 1231 μάταιοι
1222 1162 1496 1229 λογισμοὶ,
1530 1160 1604 1231 μὴ
1637 1176 1809 1213 κατα-

234 1253 440 1304 ϐαίνειν
470 1254 850 1322 λυμαίνεσθαι,
876 1254 974 1323 τὴν
1004 1254 1077 1316 ὼς
1106 1253 1351 1323 ἄμπελον
1400 1253 1811 1324 εὐθηνουμὲνην

232 1346 411 1415 ψυχὴν
463 1346 719 1412 θεωρίαις
774 1350 896 1410 ταῖς
951 1349 1008 1399 ἐν
1039 1346 1259 1419 Χριστῷ
1299 1346 1476 1417 Ἰησοῦ
1515 1347 1593 1417 τῷ
1624 1345 1812 1418 Κυρίῳ

236 1435 412 1505 ἡμῶν.
460 1436 653 1506 Ἀμην.

1313 403 1414 462 EX
1449 403 1695 462 OPERE
1728 402 1921 461 LXIII
1961 403 2392 464 DlJBlOIlUM.

231 518 604 584 ἀποφράττειν
659 516 748 569 τὸν
792 513 1093 585 ἀμπελῶνα
1126 513 1315 580 αὑτοῦ,
1346 516 1442 569 καὶ
1506 518 1811 585 συγχωρεῖν
1842 566 1846 575 ,

1923 515 2111 570 febrim
2156 518 2459 573 accendant

2505 536 2517 572 :
2557 518 2641 573 vel
2691 520 2903 573 vineam
2950 520 3185 573 macerie
3229 530 3494 591 septoque

1913 609 2222 670 obstruere,
2258 625 2321 663 ac
2356 611 2558 673 sinere,
2592 618 2651 663 ut
2688 626 2792 663 una
2834 626 2959 665 cum
3006 610 3170 664 bonis
3202 612 3493 680 cogitatio-

1914 700 2098 763 nibus,
2130 701 2311 753 carnis
2338 702 2629 769 prudentia
2658 701 2724 753 ad
2756 717 2889 755 uvas
2918 702 3309 771 depascendas,
3348 702 3490 756 haud

1916 806 2074 844 secus
2122 806 2184 844 ac
2232 791 2521 860 singularis
2576 793 2727 847 l‘crus
2770 793 3125 863 ingrediatur.
3174 794 3490 848 Cavendum

1912 898 2044 935 vero
2085 898 2152 935 ne
2183 883 2268 937 liis
2300 898 2505 936 morem
2542 900 2812 953 geramus,
2857 901 2993 939 neve
3024 886 3182 956 6'71
3224 886 3491 955 importu-

1915 975 2002 1027 nis
2053 977 2333 1029 hominum
2387 976 2592 1045 pariter
2646 978 3053 1047 all‘ectuumque
3102 978 3490 1033 blandimentis

1917 1066 2232 1131 llcctamur;
2260 1068 2352 1121 sed
2385 1083 2482 1137 per
2504 1067 2917 1132 continentiam,
2953 1069 3245 1123 maceriem
3277 1069 3490 1121 munia-

1919 1172 2061 1221 mus,
2096 1155 2272 1209 doncc
2317 1158 2505 1211 bestire
2553 1159 2824 1227 (carnales
2863 1160 3074 1214 scilicet
3105 1156 3358 1229 allectus)
3397 1174 3492 1211 ru-

1917 1246 2034 1315 gire
2060 1244 2346 1308 desierint,
2371 1260 2434 1298 ac
2462 1247 2611 1301 velut
2638 1248 2908 1312 volucres,
2935 1264 3085 1302 vame
3114 1248 3491 1319 cogitationes,

1918 1337 2162 1392 animum
2214 1338 2343 1391 vitis
2388 1338 2559 1392 instar
2611 1342 3163 1410 contemplationibus
3210 1341 3495 1410 sensisque

1921 1431 2245 1500 locupletem
2283 1438 2446 1499 atque
2482 1430 2705 1486 uberem
2759 1434 2814 1487 in
2854 1432 3073 1487 Christo
3102 1434 3229 1487 Jesu
3264 1432 3497 1487 Domino

1846 1517 1887 1574 Β
1918 1532 2125 1588 nostro,
2152 1531 2445 1577 vastatum
2470 1538 2580 1578 non
2604 1523 3009 1580 descenderint.
3048 1524 3241 1579 Amen.

1046 1793 1347 1910 ΤΟΥ
1429 1793 1894 1910 ΑΓΙΟΥ
1964 1784 2691 1913 ΜΑΞΙΜΟΥ

769 1995 873 2048 Ἐκ
906 1991 1020 2046 τῶν
1050 1991 1143 2061 ξγ¹
1176 1992 1438 2060 ἀπείρων,
1482 1990 1638 2058 Πρὸς
1670 1989 1777 2043 τὸν
1809 1990 2114 2045 θειότατον
2137 1990 2406 2055 ,βασιλέα
2448 1992 2557 2046 τὸν
2608 1992 2900 2062 Ἀκριδήν.

1376 2236 1783 2326 SANCTI
1901 2235 2350 2324 MAXIMI

766 2412 853 2471 Ex
897 2424 1089 2486 Opere
1132 2423 1289 2467 um
1338 2403 1718 2477 Dubiorum,
1766 2402 1840 2465 ad
1882 2400 2363 2465 divinissimum
2398 2403 2692 2466 Achridze
2735 2424 2950 2486 regem
2987 2411 3015 2443 "

239 2559 409 2614 ’Πίτιὶ
450 2565 627 2628 postea
668 2555 909 2629 Bulgari,
948 2570 1169 2629 quorum
1200 2557 1306 2629 hinc
1340 2550 1662 2629 metropolis,
1692 2552 1811 2629 ipsa.
1838 2549 2146 2629 (ustiuiana
2189 2551 2381 2620 prima.
2421 2550 3021 2629 Hujusopcrisraltumr
3050 2558 3167 2613 aliis
3209 2559 3501 2629 silentium,

311 2620 569 2683 ηιιῑδέῑηιο
608 2620 789 2678 tamen
830 2620 1295 2697 Mtu‘imijngcuio
1331 2620 1693 2697 compositum,
1729 2620 1939 2697 μείλιορ
1977 2622 2151 2697 ipsum
2181 2620 2511 2697 excerptunr
2532 2620 2751 2697 iudicat,
2782 2628 2855 2679 sic
2885 2628 3261 2697 theologicam;
3289 2648 3352 2685 ea:
3375 2620 3501 2697 Reg:

307 2702 425 2753 cod.
455 2700 653 2768 pridmn
681 2698 1018 2764 exscriptum.
1051 2689 1154 2768 Sed
1176 2711 1243 2747 an
1267 2694 1387 2763 jam
1417 2689 1527 2745 tum
1554 2692 1789 2762 βασιλεῖς
1814 2689 2083 2761 Bulgaria:
2109 2691 2365 2760 principes
2393 2699 2441 2744 et
2470 2693 2658 2761 reguli,
2688 2697 2825 2765 quod
2846 2698 2918 2751 eis
2944 2689 3157 2753 tandem
3183 2689 3352 2757 διῖωεὶ
3373 2689 3505 2756 cm}-

329 2765 543 2832 cessere,
574 2768 785 2819 dubium
822 2782 930 2819 esse
958 2765 1137 2834 possit.

311 2891 385 2941 Τὸ
438 2890 544 2959 γὰρ
600 2885 823 2956 Πνεῦμα
849 2886 910 2938 τὸ
941 2884 1116 2953 ἅγιον,
1154 2886 1344 2954 ὥσπερ
1375 2882 1536 2952 φύσει
1568 2882 1686 2935 κατ’
1716 2880 1808 2934 οὗ-
1837 2895 1846 2941 4

1982 2881 2199 2937 Etenim
2244 2882 2485 2953 Spiritus
2516 2895 2758 2949 sanctus,
2801 2888 3261 2955 quemadmodum
3310 2901 3506 2951 natura

244 2981 364 3032 σίαν
406 2980 523 3033 ἐστὶ
546 2978 639 3030 τοῦ
668 2976 803 3029 Θεοῦ
837 2977 931 3028 καὶ
962 2973 1197 3044 [Ιατρὸς,
1235 2971 1405 3034 οὕτως
1442 2972 1535 3023 καὶ
1566 2970 1661 3021 τοῦ
1692 2967 1818 3021 Υίοῦ

242 3072 402 3141 φύσει
425 3073 547 3123 κατ’
584 3069 771 3121 ουσίαν
799 3067 1072 3137 ὑπάρχει,
1103 3066 1178 3127 ὡς
1225 3066 1288 3117 ἐκ
1336 3063 1429 3116 τοῦ
1478 3062 1690 3132 Πατρὸς
1728 3062 1821 3112 οὺ-

245 3162 455 3225 σιωδῶς
481 3159 684 3214 δι’Υἱοῦ
712 3159 803 3211 τοῦ
834 3157 1187 3227 γεννηθέντος
1209 3156 1506 3225 ἀφράστως
1531 3155 1823 3225 ἐκπορευό-

249 3272 425 3321 μενον.
458 3252 572 3305 Οὐκ
609 3250 757 3301 ἔστιν
788 3244 879 3301 οὗν
937 3246 1223 3315 ἐπινοῆσαι
1269 3245 1443 3313 τομὴν
1485 3244 1519 3314 ἢ
1557 3244 1823 3313 διαίρεσιν

245 3345 367 3397 κατ’
399 3342 593 3394 οὐδένα
651 3338 879 3409 τρόπον,
905 3336 979 3398 ὠς
1034 3336 1066 3405 ἢ
1126 3335 1218 3387 τὸν
1276 3335 1495 3403 Πατέρα
1531 3333 1701 3403 χωρὶς
1730 3332 1820 3385 τοῦ

250 3435 375 3489 Υἱοῦ
402 3431 781 3502 ἐπινοηθῆναι,
814 3429 846 3499 ἢ
877 3429 967 3480 τὸν
996 3428 1123 3480 Υἱὸν
1151 3426 1320 3497 χωρὶς
1346 3425 1441 3477 τοῦ
1472 3425 1787 3495 Πνεύματος
1806 3464 1821 3489 ,

243 3528 359 3581 ἀλλ’
400 3526 516 3578 ἐστι
578 3540 661 3585 τις
711 3523 950 3592 ἄρῤητος
996 3519 1089 3572 καὶ
1124 3518 1495 3587 ἁκατανὸητος
1528 3519 1584 3569 ἐν
1612 3516 1821 3579 τούτοις

245 3624 339 3674 καὶ
372 3620 566 3679 ἐνωσις
606 3616 703 3668 καὶ
726 3615 1014 3682 διαίρεσις,
1045 3610 1169 3665 οὔτε
1208 3612 1305 3680 τῆς
1334 3610 1443 3663 τῶν
1475 3610 1825 3662 ὑποστάσεων

243 3713 510 3782 δ;ατ;.ορᾶς
559 3710 620 3761 τὸ
682 3706 907 3775 συνεχὲς
959 3703 1070 3756 τῶν
1131 3701 1344 3770 φύσεων
1376 3699 1825 3771 [φυσικῶν]δια-

247 3802 647 3873 σπωσης.οὖτε
708 3799 808 3868 τῆς
872 3796 1013 3849 κατὰ
1062 3793 1161 3864 τὴν
1221 3793 1410 3845 οὐσίαν
1442 3792 1737 3860 συναφείας
1765 3792 1826 3843 τὸ

247 3899 379 3951 ἴδιον
416 3895 523 3947 τῶν
559 3890 963 3961 γνωρισμάτων
1014 3886 1383 3956 ἁναχεούσης·
1421 3885 1514 3937 καὶ
1556 3883 1702 3935 ἔστιν
1734 3882 1826 3935 ἐπὶ

244 3988 517 4040 τούτων...
546 3984 638 4035 καὶ
668 3981 938 4049 διάκρισις
963 3977 1303 4047 συνημμένη,
1325 3975 1419 4027 καὶ
1438 3972 1823 4043 διακεκριμένη

248 4080 535 4145 συνάφεια.
603 4074 961 4142 Προκείσεται
1002 4071 1057 4123 δὲ
1117 4070 1209 4121 καί
1251 4086 1301 4121 τι
1347 4067 1483 4137 πρὸς
1533 4067 1826 4133 ἐπίγνωσιν

246 4170 500 4240 ἀμυδρὰν
529 4167 838 4235 ὑπόδειγμα
870 4180 883 4193 ⁸
922 4163 1123 4233 μᾶλλον
1142 4161 1197 4213 δὲ
1228 4159 1356 4212 σκιὰ
1374 4159 1472 4227 τῆς
1490 4157 1770 4228 ἀληθείας,
1792 4158 1826 4226 ἡ

246 4262 550 4332 πολιᾷχροος
581 4260 707 4326 ἶρις.
738 4257 965 4311 Πάντων
1003 4252 1113 4322 γὰρ
1138 4251 1247 4303 τῶν
1292 4252 1349 4304 ὲν
1386 4249 1558 4320 ταύτῃ
1601 4248 1825 4319 χρωμά-

246 4376 357 4411 των
395 4359 449 4409 αἱ
485 4354 671 4419 αὐγαὶ,
700 4350 793 4403 καὶ
817 4346 1228 4418 διακεκριμέναι
1258 4344 1560 4413 φαίνονται,
1592 4341 1669 4411 τῷ
1694 4341 1824 4410 τη),-

248 4452 437 4517 αυγεῖς
481 4446 619 4499 εἶναι
647 4483 661 4503 ,
692 4444 784 4497 καὶ
832 4439 1177 4511 συνηνῶσθαι
1225 4437 1462 4501 δοκοῦσι,
1494 4436 1571 4506 τῷ
1628 4434 1825 4488 λανθά-

250 4561 363 4595 νειν
408 4540 505 4602 τὰς
545 4538 696 4607 ὄψεις
747 4534 906 4605 ⁴ἡμῶν
937 4534 1066 4594 τοὺς
1109 4531 1270 4602 ὅρους
1315 4528 1424 4581 τῶν
1448 4528 1667 4596 μίξεων,
1698 4528 1824 4589 τοὺς

251 4630 633 4700 διακρίνοντας
682 4625 781 4688 τὰς
810 4623 918 4676 τῶν
951 4622 1126 4692 χροῶν
1167 4619 1494 4690 ἑτερότητας
1527 4634 1540 4647 ο
1566 4618 1642 4681 ὼς
1670 4617 1818 4688 ἀμή-

250 4740 416 4795 χανον
459 4719 732 4788 ἐξευρεῖν,
764 4716 926 4786 μέχρι
960 4714 1104 4776 τίνος
1142 4713 1344 4783 ἔστηκε
1368 4711 1426 4764 τὸ
1462 4710 1745 4779 πυραυγὲς
1784 4710 1816 4780 ἢ

254 4812 621 4885 σμαραγδίζον
644 4812 763 4871 ταῖς
796 4807 1032 4875 αἴγλαις,
1060 4806 1093 4876 ἢ
1126 4803 1353 4874 χλοάζον
1375 4806 1494 4867 ταῖς
1523 4802 1828 4873 λαμπηδὸσι

254 4908 377 4979 ιτάς
398 4899 795 4973 ),αμπηδόνας]ς
825 4900 920 4950 καὶ
952 4898 1044 4949 ἐπὶ
1077 4897 1223 4959 τίνος
1246 4895 1475 4967 ἄρχεται
1497 4911 1509 4926 ·
1546 4894 1828 4947 παιδεύον-

257 5016 372 5063 τος,
404 4993 578 5065 οἶμαι,
608 4993 723 5055 τοῦ,
750 4992 908 5058 λόγου
941 4990 1032 5042 καὶ
1058 4987 1144 5041 διὰ
1176 4988 1273 5057 τῆς
1302 4988 1532 5049 κτίσεως
1566 4988 1731 5057 ἡμᾶς,
1754 4987 1828 5056 μὴ

258 5085 617 5143 καινοπαθεῖν
664 5086 776 5146 τοῖς
824 5082 949 5151 περὶ
998 5080 1104 5133 τῶν
1146 5079 1437 5149 δογμάτων
1468 5078 1667 5147 λόγοις,
1697 5080 1826 5132 ὅταν

257 5176 338 5236 εἰς
372 5173 433 5226 τὸ
466 5169 845 5240 δυσθεώρητον
874 5164 1227 5238 ἐμπεσόντες,
1257 5163 1393 5234 πρὸς
1426 5164 1523 5235 τὴν
1551 5166 1828 5230 συγκατά-

256 5266 409 5319 θεσιν
476 5264 585 5317 τῶν
641 5261 952 5332 λεγομένων
991 5259 1401 5327 ἰλιγγιὰσωμεν.
1449 5258 1536 5321 Ὠς
1585 5258 1693 5329 γὰρ
1737 5259 1831 5311 ἐπὶ

254 5355 365 5408 τῶν
428 5356 540 5416 τοῖς
586 5352 884 5421 ὀφθαλμοῖς
918 5350 1259 5419 φαινομένων
1308 5348 1569 5415 κρείττων
1606 5346 1766 5414 λόγου
1800 5348 1833 5416 ή

272 5449 461 5517 πεῖρα,
488 5445 659 5508 οὓτως
722 5444 817 5496 καὶ
876 5441 1107 5493 ἐπὶτῶν
1150 5438 1714 5509 ὑπεραναϐεϐηκότων
1751 5438 1836 5491 δο-

256 5537 487 5606 γμάτων
516 5535 778 5605 κρείττων
807 5535 839 5603 ἡ
866 5532 1048 5594 πίστις
1073 5530 1213 5582 ἔστω
1264 5530 1359 5598 τῆς
1414 5529 1503 5582 διὰ
1538 5528 1644 5583 τῶν
1686 5528 1829 5596 λογι-

260 5628 414 5697 σμῶν
449 5626 827 5696 καταλήψεως.

1922 2975 2290 3029 cssentialiter
2330 2976 2426 3030 Dei
2468 2984 2552 3030 est
2590 2986 2645 3030 et
2686 2978 2878 3042 Patris,
2926 2980 2997 3033 ita
3045 2989 3101 3034 et
3145 2982 3266 3037 Filii
3310 2994 3506 3041 natura

1921 3068 2287 3122 cssentialitcr
2315 3068 2549 3133 exsistit,
2594 3078 2655 3123 ut
2694 3070 2787 3138 qui
2840 3087 2870 3124 a
2922 3072 3103 3137 Patre,
3158 3090 3255 3144 per
3304 3072 3527 3133 Filium‘

1925 3158 2038 3229 (qui
2070 3159 2237 3213 nullis
2257 3159 2441 3214 verbis
2464 3161 2776 3231 explicabili
2807 3164 3019 3218 ratione
3050 3174 3213 3220 natus
3241 3168 3347 3239 est)
3379 3170 3512 3224 sub-

1923 3252 2252 3306 stantialitcr
2282 3252 2562 3322 procedat.
2596 3253 2755 3307 Nullo
2790 3254 2956 3324 igitur
3000 3257 3162 3310 modo
3194 3259 3366 3313 sectio
3400 3262 3508 3316 ulla

1923 3351 2019 3396 aut
2064 3342 2262 3396 divisio
2310 3342 2659 3412 intelligenda
2702 3352 2805 3408 est,
2857 3344 3011 3412 quasi
3058 3354 3151 3397 aut
3192 3346 3352 3400 Pater
3389 3348 3508 3403 sine

1926 3434 2062 3487 Filio
2092 3432 2448 3503 intelligatur,
2476 3442 2569 3487 aut
2597 3433 2769 3487 Filius
2792 3432 3001 3502 absque
3028 3435 3235 3504 Spiritu
3263 3453 3277 3489 :
3304 3437 3399 3492 sed
3425 3448 3511 3493 est

1926 3520 2133 3589 inillis,
2160 3538 2281 3591 quae
2315 3538 2418 3577 nec
2441 3522 2623 3577 verbis
2652 3523 2911 3591 explicari
2944 3540 3047 3578 nec
3068 3535 3251 3581 mente
3280 3527 3507 3600 intelligi

1924 3616 2118 3684 possit,
2148 3615 2280 3667 unio
2312 3614 2518 3683 pariter
2546 3623 2603 3668 et
2629 3613 2919 3680 discretio;
2956 3624 3015 3669 ut
3042 3632 3219 3686 neque
3251 3634 3513 3688 persona-

1925 3723 2047 3760 rum
2084 3706 2363 3761 distinctio
2385 3720 2579 3761 eorum
2608 3722 2729 3776 qua:
2760 3716 2971 3763 natura:
3003 3717 3131 3763 sunt
3163 3711 3510 3780 conjunctio-

1926 3812 2051 3850 nem
2080 3795 2371 3862 distrahat,
2400 3812 2503 3851 nec
2528 3813 2650 3867 qua:
2677 3812 2847 3866 penes
2875 3798 3169 3853 essentiam
3197 3803 3513 3872 conjunctio

1926 3894 2027 3951 est,
2056 3901 2246 3939 eorum
2274 3900 2396 3955 qua:
2419 3886 2718 3956 insigniant
2744 3888 2971 3957 etquasi
2992 3896 3117 3942 nota
3144 3888 3508 3961 distinguant,

1927 3978 2315 4047 proprietatem
2365 3977 2681 4032 confundat.
2738 3979 2943 4048 Estque
2992 3981 3049 4035 in
3107 3981 3328 4037 illis.....
3384 4000 3508 4040 cum

1928 4070 2187 4124 discretio
2216 4072 2526 4140 conjuncta,
2558 4079 2673 4125 tum
2697 4070 2934 4125 discreta
2962 4074 3298 4143 conjunctio.
3331 4076 3512 4131 Possit

1928 4178 2060 4217 vero
2088 4164 2251 4217 etiam
2285 4164 2353 4218 ad
2390 4165 2468 4218 rei
2498 4164 2662 4235 hujus
2692 4164 2964 4229 notitiam,
2998 4168 3308 4235 exemplum
3336 4171 3512 4238 quod-

1853 4255 2052 4316 Ddam
2103 4256 2434 4319 obscurum,
2487 4270 2584 4309 seu
2640 4255 2824 4325 potius
2876 4256 3069 4310 umbra
3110 4259 3387 4325 veritatis,
3436 4262 3509 4316 ob

1930 4348 2119 4402 oculos
2142 4348 2376 4413 versari;
2410 4363 2531 4417 qua:
2558 4348 2815 4403 videlicet
2841 4349 3131 4418 multiplici
3164 4351 3347 4405 colore
3372 4354 3510 4407 malo

1929 4437 2026 4492 iris
2056 4438 2406 4508 splendescit.
2439 4437 2695 4493 Omnium
2743 4439 2889 4493 enim
2926 4440 2979 4493 in
3024 4456 3088 4494 ea
3123 4441 3369 4495 colorum
3402 4444 3511 4497 lul-

1930 4543 2108 4597 gores,
2140 4528 2304 4599 672
2345 4535 2400 4582 et
2441 4528 2661 4584 discreti
2691 4540 2976 4599 apparent,
3006 4532 3152 4602 quod
3184 4534 3341 4603 longe
3375 4535 3513 4587 ruti-

1931 4617 2065 4679 lent,
2102 4627 2158 4671 et
2189 4619 2466 4687 conjuncti
2507 4633 2628 4672 esse
2668 4618 2943 4683 videntur,
2977 4621 3123 4690 quod
3172 4622 3373 4691 quibus
3415 4624 3511 4678 alii

1929 4709 2130 4777 aliique
2180 4710 2395 4763 colores
2439 4709 2848 4773 discernuntur,
2894 4712 3049 4777 lines,
3081 4713 3365 4766 oculorum
3409 4730 3512 4767 no--

1928 4808 2167 4853 strorum
2190 4799 2362 4853 aciem
2385 4799 2621 4863 lateant;
2644 4808 2702 4852 ut
2726 4799 2878 4853 nullo
2899 4800 3060 4855 modo
3086 4802 3303 4870 assequi
3327 4803 3508 4867 liceat,

1928 4908 2213 4961 quousque
2252 4892 2442 4961 igneus
2483 4891 2661 4961 fulgor
2703 4899 2797 4944 aut
2847 4891 3195 4962 smargdinus
3222 4902 3315 4947 aut
3342 4893 3515 4948 vires-

1926 4999 2056 5037 cens
2088 4984 2252 5036 rutilo
2298 4996 2398 5037 suo
2446 4982 2683 5046 desinat,
2718 4998 2781 5035 ac
2814 4983 2958 5037 unde
2995 4984 3221 5053 incipiat
3254 5002 3265 5037 :
3305 4984 3514 5040 idcirco

1929 5073 2223 5138 nimirum,
2257 5083 2316 5127 ut
2365 5074 2655 5138 existimo,
2710 5083 2770 5127 ut
2817 5082 2873 5127 et
2920 5090 3017 5142 per
3058 5082 3364 5127 creaturam
3413 5090 3516 5129 nos

1930 5182 2108 5222 sermo
2128 5166 2365 5231 erudiat,
2391 5181 2460 5220 ne
2490 5166 2544 5219 in
2581 5166 2646 5220 iis
2669 5165 3020 5219 sermonibus
3044 5166 3139 5234 qui
3170 5166 3235 5219 ad
3258 5166 3514 5236 dogmata

1930 5266 2197 5329 spectant,
2230 5256 2385 5326 quasi
2416 5257 2542 5310 novi
2568 5256 2773 5325 aliquid
2802 5257 2946 5325 passi
2983 5256 3345 5323 oll‘endamur,
3380 5258 3514 5313 dum

1934 5352 1989 5406 in
2019 5366 2080 5405 ea
2110 5365 2231 5419 qua:
2271 5349 2441 5404 ardua
2476 5357 2604 5403 sunt
2648 5362 2751 5402 nec
2798 5347 3026 5417 intelligi
3064 5348 3222 5402 facile
3261 5358 3513 5417 possunt,

1934 5440 2260 5502 incidentes,
2294 5438 2359 5492 ad
2395 5453 2584 5492 eorum
2616 5453 2737 5506 quaa
2772 5437 3034 5491 dicuntur
3064 5454 3343 5491 assensum
3379 5454 3518 5508 qua-

1938 5531 2061 5585 dam
2091 5529 2291 5585 mentis
2331 5529 2656 5583 titubationc
2689 5544 2751 5582 ac
2784 5529 3015 5598 caligine
3046 5526 3515 5596 obstupuerimus.

1940 5621 2409 5688 Quemadmodum
2452 5620 2601 5675 enim
2650 5620 2705 5674 in
2748 5620 2817 5674 iis
2859 5635 2979 5690 quae
3008 5618 3185 5672 oculis
3219 5618 3518 5687 conspicua

257 5730 412 5783 sunt,
449 5718 800 5789 praestantius
849 5731 1103 5771 sermone
1146 5723 1231 5769 est
1287 5715 1463 5783 ipsum
1516 5713 1592 5767 rei
1635 5713 2116 5782 experimentum:
2160 5715 2240 5768 sic
2285 5714 2339 5768 in
2376 5713 2442 5767 iis
2474 5728 2596 5782 qua:
2666 5712 2827 5782 longe
2896 5709 3096 5765 mentis
3160 5717 3378 5778 captum
3424 5724 3521 5763 ex-

265 5813 465 5869 cedunt
492 5828 556 5868 ac
583 5810 946 5867 eminentiora
974 5809 1274 5873 exsistunt,
1304 5805 1485 5875 potior
1528 5805 1597 5861 sit
1631 5805 1787 5871 ﬁdes,
1824 5824 1984 5878 quam
2019 5806 2163 5877 quod
2204 5805 2369 5861 animi
2407 5804 2714 5861 rationibus
2741 5819 2768 5857 a
2807 5802 2967 5859 nobis
3006 5801 3519 5873 comprehenditur.
